%YAML 1.1
%TAG !u! tag:unity3d.com,2011:
--- !u!54 &6334594746412026857
Rigidbody:
  m_ObjectHideFlags: 0
  m_CorrespondingSourceObject: {fileID: 0}
  m_PrefabInstance: {fileID: 0}
  m_PrefabAsset: {fileID: 0}
  m_GameObject: {fileID: 191758584051193657}
  serializedVersion: 2
  m_Mass: 10
  m_Drag: 0
  m_AngularDrag: 0.05
  m_UseGravity: 1
  m_IsKinematic: 0
  m_Interpolate: 0
  m_Constraints: 0
  m_CollisionDetection: 2
--- !u!136 &6211466901826693300
CapsuleCollider:
  m_ObjectHideFlags: 0
  m_CorrespondingSourceObject: {fileID: 0}
  m_PrefabInstance: {fileID: 0}
  m_PrefabAsset: {fileID: 0}
  m_GameObject: {fileID: 191758584051193657}
  m_Material: {fileID: 13400000, guid: b5a0e4924f7983d49a3bd3a13b356429, type: 2}
  m_IsTrigger: 0
  m_Enabled: 1
  m_Radius: 0.07
  m_Height: 0.56686985
  m_Direction: 1
  m_Center: {x: 0, y: 0.28343493, z: 0}
--- !u!144 &6739930806492554262
CharacterJoint:
  m_ObjectHideFlags: 0
  m_CorrespondingSourceObject: {fileID: 0}
  m_PrefabInstance: {fileID: 0}
  m_PrefabAsset: {fileID: 0}
  m_GameObject: {fileID: 191758584051193657}
  m_ConnectedBody: {fileID: 4307592007840886761}
  m_Anchor: {x: 0, y: 0, z: 0}
  m_Axis: {x: -1, y: 0, z: 0}
  m_AutoConfigureConnectedAnchor: 1
  m_ConnectedAnchor: {x: -0.0000000018626451, y: 0.43286923, z: 9.313226e-10}
  serializedVersion: 2
  m_SwingAxis: {x: 0, y: 0, z: 1}
  m_TwistLimitSpring:
    spring: 0
    damper: 0
  m_LowTwistLimit:
    limit: -80
    bounciness: 0
    contactDistance: 0
  m_HighTwistLimit:
    limit: 0
    bounciness: 0
    contactDistance: 0
  m_SwingLimitSpring:
    spring: 0
    damper: 0
  m_Swing1Limit:
    limit: 0
    bounciness: 0
    contactDistance: 0
  m_Swing2Limit:
    limit: 0
    bounciness: 0
    contactDistance: 0
  m_EnableProjection: 0
  m_ProjectionDistance: 0.1
  m_ProjectionAngle: 180
  m_BreakForce: Infinity
  m_BreakTorque: Infinity
  m_EnableCollision: 0
  m_EnablePreprocessing: 0
  m_MassScale: 1
  m_ConnectedMassScale: 1
--- !u!54 &1362548264444114114
Rigidbody:
  m_ObjectHideFlags: 0
  m_CorrespondingSourceObject: {fileID: 0}
  m_PrefabInstance: {fileID: 0}
  m_PrefabAsset: {fileID: 0}
  m_GameObject: {fileID: 237515972708904609}
  serializedVersion: 2
  m_Mass: 20
  m_Drag: 0
  m_AngularDrag: 0.05
  m_UseGravity: 1
  m_IsKinematic: 0
  m_Interpolate: 0
  m_Constraints: 0
  m_CollisionDetection: 2
--- !u!135 &492651856282367392
SphereCollider:
  m_ObjectHideFlags: 0
  m_CorrespondingSourceObject: {fileID: 0}
  m_PrefabInstance: {fileID: 0}
  m_PrefabAsset: {fileID: 0}
  m_GameObject: {fileID: 237515972708904609}
  m_Material: {fileID: 13400000, guid: b5a0e4924f7983d49a3bd3a13b356429, type: 2}
  m_IsTrigger: 0
  m_Enabled: 1
  serializedVersion: 2
  m_Radius: 0.0940418
  m_Center: {x: 0, y: 0.0940418, z: 0}
--- !u!144 &6873809914402839371
CharacterJoint:
  m_ObjectHideFlags: 0
  m_CorrespondingSourceObject: {fileID: 0}
  m_PrefabInstance: {fileID: 0}
  m_PrefabAsset: {fileID: 0}
  m_GameObject: {fileID: 237515972708904609}
  m_ConnectedBody: {fileID: 2201561058920579529}
  m_Anchor: {x: 0, y: 0, z: 0}
  m_Axis: {x: 1, y: 0, z: 0}
  m_AutoConfigureConnectedAnchor: 1
  m_ConnectedAnchor: {x: 4.2819082e-13, y: 0.19237265, z: 0.041527867}
  serializedVersion: 2
  m_SwingAxis: {x: 0, y: 0, z: 1}
  m_TwistLimitSpring:
    spring: 0
    damper: 0
  m_LowTwistLimit:
    limit: -40
    bounciness: 0
    contactDistance: 0
  m_HighTwistLimit:
    limit: 25
    bounciness: 0
    contactDistance: 0
  m_SwingLimitSpring:
    spring: 0
    damper: 0
  m_Swing1Limit:
    limit: 25
    bounciness: 0
    contactDistance: 0
  m_Swing2Limit:
    limit: 0
    bounciness: 0
    contactDistance: 0
  m_EnableProjection: 0
  m_ProjectionDistance: 0.1
  m_ProjectionAngle: 180
  m_BreakForce: Infinity
  m_BreakTorque: Infinity
  m_EnableCollision: 0
  m_EnablePreprocessing: 0
  m_MassScale: 1
  m_ConnectedMassScale: 1
--- !u!1 &672481808104727004
GameObject:
  m_ObjectHideFlags: 0
  m_CorrespondingSourceObject: {fileID: 0}
  m_PrefabInstance: {fileID: 0}
  m_PrefabAsset: {fileID: 0}
  serializedVersion: 6
  m_Component:
  - component: {fileID: 2025739903334779120}
  - component: {fileID: 3601428782449590215}
  - component: {fileID: 530834031643014062}
  m_Layer: 0
  m_Name: Cube
  m_TagString: Untagged
  m_Icon: {fileID: 0}
  m_NavMeshLayer: 0
  m_StaticEditorFlags: 0
  m_IsActive: 1
--- !u!4 &2025739903334779120
Transform:
  m_ObjectHideFlags: 0
  m_CorrespondingSourceObject: {fileID: 0}
  m_PrefabInstance: {fileID: 0}
  m_PrefabAsset: {fileID: 0}
  m_GameObject: {fileID: 672481808104727004}
  m_LocalRotation: {x: 0, y: 0, z: 0, w: 1}
  m_LocalPosition: {x: 0, y: 0, z: 0}
  m_LocalScale: {x: 0.1, y: 1, z: 0.1}
  m_Children: []
  m_Father: {fileID: 2173670533683950408}
  m_RootOrder: 2
  m_LocalEulerAnglesHint: {x: 0, y: 0, z: 0}
--- !u!33 &3601428782449590215
MeshFilter:
  m_ObjectHideFlags: 0
  m_CorrespondingSourceObject: {fileID: 0}
  m_PrefabInstance: {fileID: 0}
  m_PrefabAsset: {fileID: 0}
  m_GameObject: {fileID: 672481808104727004}
  m_Mesh: {fileID: 10202, guid: 0000000000000000e000000000000000, type: 0}
--- !u!23 &530834031643014062
MeshRenderer:
  m_ObjectHideFlags: 0
  m_CorrespondingSourceObject: {fileID: 0}
  m_PrefabInstance: {fileID: 0}
  m_PrefabAsset: {fileID: 0}
  m_GameObject: {fileID: 672481808104727004}
  m_Enabled: 1
  m_CastShadows: 1
  m_ReceiveShadows: 1
  m_DynamicOccludee: 1
  m_MotionVectors: 1
  m_LightProbeUsage: 1
  m_ReflectionProbeUsage: 1
  m_RayTracingMode: 2
  m_RayTraceProcedural: 0
  m_RenderingLayerMask: 1
  m_RendererPriority: 0
  m_Materials:
  - {fileID: 2100000, guid: 31321ba15b8f8eb4c954353edc038b1d, type: 2}
  m_StaticBatchInfo:
    firstSubMesh: 0
    subMeshCount: 0
  m_StaticBatchRoot: {fileID: 0}
  m_ProbeAnchor: {fileID: 0}
  m_LightProbeVolumeOverride: {fileID: 0}
  m_ScaleInLightmap: 1
  m_ReceiveGI: 1
  m_PreserveUVs: 0
  m_IgnoreNormalsForChartDetection: 0
  m_ImportantGI: 0
  m_StitchLightmapSeams: 1
  m_SelectedEditorRenderState: 3
  m_MinimumChartSize: 4
  m_AutoUVMaxDistance: 0.5
  m_AutoUVMaxAngle: 89
  m_LightmapParameters: {fileID: 0}
  m_SortingLayerID: 0
  m_SortingLayer: 0
  m_SortingOrder: 0
  m_AdditionalVertexStreams: {fileID: 0}
--- !u!1 &786189770528021869
GameObject:
  m_ObjectHideFlags: 0
  m_CorrespondingSourceObject: {fileID: 0}
  m_PrefabInstance: {fileID: 0}
  m_PrefabAsset: {fileID: 0}
  serializedVersion: 6
  m_Component:
  - component: {fileID: 2905551986804552391}
  - component: {fileID: 8991462411526316238}
  m_Layer: 0
  m_Name: FloorDetection
  m_TagString: Untagged
  m_Icon: {fileID: 0}
  m_NavMeshLayer: 0
  m_StaticEditorFlags: 0
  m_IsActive: 1
--- !u!4 &2905551986804552391
Transform:
  m_ObjectHideFlags: 0
  m_CorrespondingSourceObject: {fileID: 0}
  m_PrefabInstance: {fileID: 0}
  m_PrefabAsset: {fileID: 0}
  m_GameObject: {fileID: 786189770528021869}
  m_LocalRotation: {x: 0, y: 0, z: 0, w: 1}
  m_LocalPosition: {x: 0, y: 0, z: 0}
  m_LocalScale: {x: 1, y: 1, z: 1}
  m_Children: []
  m_Father: {fileID: 2173670533683950408}
  m_RootOrder: 1
  m_LocalEulerAnglesHint: {x: 0, y: 0, z: 0}
--- !u!65 &8991462411526316238
BoxCollider:
  m_ObjectHideFlags: 0
  m_CorrespondingSourceObject: {fileID: 0}
  m_PrefabInstance: {fileID: 0}
  m_PrefabAsset: {fileID: 0}
  m_GameObject: {fileID: 786189770528021869}
  m_Material: {fileID: 0}
  m_IsTrigger: 1
  m_Enabled: 1
  serializedVersion: 2
  m_Size: {x: 0.49, y: 0.1, z: 0.31}
  m_Center: {x: 0, y: 0, z: 0}
--- !u!1 &1141836700015610421
GameObject:
  m_ObjectHideFlags: 0
  m_CorrespondingSourceObject: {fileID: 0}
  m_PrefabInstance: {fileID: 0}
  m_PrefabAsset: {fileID: 0}
  serializedVersion: 6
  m_Component:
  - component: {fileID: 6204608494389894019}
  m_Layer: 0
  m_Name: Eyes
  m_TagString: Untagged
  m_Icon: {fileID: 0}
  m_NavMeshLayer: 0
  m_StaticEditorFlags: 0
  m_IsActive: 1
--- !u!4 &6204608494389894019
Transform:
  m_ObjectHideFlags: 0
  m_CorrespondingSourceObject: {fileID: 0}
  m_PrefabInstance: {fileID: 0}
  m_PrefabAsset: {fileID: 0}
  m_GameObject: {fileID: 1141836700015610421}
  m_LocalRotation: {x: 0, y: 0, z: 0, w: 1}
  m_LocalPosition: {x: 0.0067, y: -0.1028, z: 0.0109}
  m_LocalScale: {x: 1, y: 1, z: 1}
  m_Children: []
  m_Father: {fileID: 5784937428647094514}
  m_RootOrder: 0
  m_LocalEulerAnglesHint: {x: 0, y: 0, z: 0}
--- !u!95 &8588527344040264297
Animator:
  serializedVersion: 3
  m_ObjectHideFlags: 0
  m_CorrespondingSourceObject: {fileID: 0}
  m_PrefabInstance: {fileID: 0}
  m_PrefabAsset: {fileID: 0}
  m_GameObject: {fileID: 1483380730076164581}
  m_Enabled: 1
  m_Avatar: {fileID: 9000000, guid: f8d84142713ba044ab593955ccd54cee, type: 3}
  m_Controller: {fileID: 9100000, guid: a7343a803f98f2641bb755841ef0c86a, type: 2}
  m_CullingMode: 0
  m_UpdateMode: 0
  m_ApplyRootMotion: 0
  m_LinearVelocityBlending: 0
  m_WarningMessage: 
  m_HasTransformHierarchy: 1
  m_AllowConstantClipSamplingOptimization: 1
  m_KeepAnimatorControllerStateOnDisable: 0
--- !u!54 &7348192827901731219
Rigidbody:
  m_ObjectHideFlags: 0
  m_CorrespondingSourceObject: {fileID: 0}
  m_PrefabInstance: {fileID: 0}
  m_PrefabAsset: {fileID: 0}
  m_GameObject: {fileID: 1620254169143150897}
  serializedVersion: 2
  m_Mass: 10
  m_Drag: 0
  m_AngularDrag: 0.05
  m_UseGravity: 1
  m_IsKinematic: 0
  m_Interpolate: 0
  m_Constraints: 0
  m_CollisionDetection: 2
--- !u!136 &6101725460714416303
CapsuleCollider:
  m_ObjectHideFlags: 0
  m_CorrespondingSourceObject: {fileID: 0}
  m_PrefabInstance: {fileID: 0}
  m_PrefabAsset: {fileID: 0}
  m_GameObject: {fileID: 1620254169143150897}
  m_Material: {fileID: 13400000, guid: b5a0e4924f7983d49a3bd3a13b356429, type: 2}
  m_IsTrigger: 0
  m_Enabled: 1
  m_Radius: 0.04
  m_Height: 0.26918957
  m_Direction: 1
  m_Center: {x: 0, y: 0.13459478, z: 0}
--- !u!144 &7621321005508215060
CharacterJoint:
  m_ObjectHideFlags: 0
  m_CorrespondingSourceObject: {fileID: 0}
  m_PrefabInstance: {fileID: 0}
  m_PrefabAsset: {fileID: 0}
  m_GameObject: {fileID: 1620254169143150897}
  m_ConnectedBody: {fileID: 2201561058920579529}
  m_Anchor: {x: 0, y: 0, z: 0}
  m_Axis: {x: 0, y: 0, z: -1}
  m_AutoConfigureConnectedAnchor: 1
  m_ConnectedAnchor: {x: -0.18808217, y: 0.08843758, z: -0.007771733}
  serializedVersion: 2
  m_SwingAxis: {x: 1, y: 0, z: 0}
  m_TwistLimitSpring:
    spring: 0
    damper: 0
  m_LowTwistLimit:
    limit: -70
    bounciness: 0
    contactDistance: 0
  m_HighTwistLimit:
    limit: 10
    bounciness: 0
    contactDistance: 0
  m_SwingLimitSpring:
    spring: 0
    damper: 0
  m_Swing1Limit:
    limit: 50
    bounciness: 0
    contactDistance: 0
  m_Swing2Limit:
    limit: 0
    bounciness: 0
    contactDistance: 0
  m_EnableProjection: 0
  m_ProjectionDistance: 0.1
  m_ProjectionAngle: 180
  m_BreakForce: Infinity
  m_BreakTorque: Infinity
  m_EnableCollision: 0
  m_EnablePreprocessing: 0
  m_MassScale: 1
  m_ConnectedMassScale: 1
--- !u!54 &2201561058920579529
Rigidbody:
  m_ObjectHideFlags: 0
  m_CorrespondingSourceObject: {fileID: 0}
  m_PrefabInstance: {fileID: 0}
  m_PrefabAsset: {fileID: 0}
  m_GameObject: {fileID: 2067295177893018640}
  serializedVersion: 2
  m_Mass: 20
  m_Drag: 0
  m_AngularDrag: 0.05
  m_UseGravity: 1
  m_IsKinematic: 0
  m_Interpolate: 0
  m_Constraints: 0
  m_CollisionDetection: 2
--- !u!65 &5904847513504424540
BoxCollider:
  m_ObjectHideFlags: 0
  m_CorrespondingSourceObject: {fileID: 0}
  m_PrefabInstance: {fileID: 0}
  m_PrefabAsset: {fileID: 0}
  m_GameObject: {fileID: 2067295177893018640}
  m_Material: {fileID: 13400000, guid: b5a0e4924f7983d49a3bd3a13b356429, type: 2}
  m_IsTrigger: 0
  m_Enabled: 1
  serializedVersion: 2
  m_Size: {x: 0.37616438, y: 0.08843758, z: 0.22454526}
  m_Center: {x: 0.000000014901161, y: 0.044218797, z: -0.006411448}
--- !u!144 &2640623154253423438
CharacterJoint:
  m_ObjectHideFlags: 0
  m_CorrespondingSourceObject: {fileID: 0}
  m_PrefabInstance: {fileID: 0}
  m_PrefabAsset: {fileID: 0}
  m_GameObject: {fileID: 2067295177893018640}
  m_ConnectedBody: {fileID: 7543680470967128664}
  m_Anchor: {x: 0, y: 0, z: 0}
  m_Axis: {x: 1, y: 0, z: 0}
  m_AutoConfigureConnectedAnchor: 1
  m_ConnectedAnchor: {x: 0.000027067586, y: 0.30926156, z: -0.047628924}
  serializedVersion: 2
  m_SwingAxis: {x: 0, y: 0, z: 1}
  m_TwistLimitSpring:
    spring: 0
    damper: 0
  m_LowTwistLimit:
    limit: -20
    bounciness: 0
    contactDistance: 0
  m_HighTwistLimit:
    limit: 20
    bounciness: 0
    contactDistance: 0
  m_SwingLimitSpring:
    spring: 0
    damper: 0
  m_Swing1Limit:
    limit: 10
    bounciness: 0
    contactDistance: 0
  m_Swing2Limit:
    limit: 0
    bounciness: 0
    contactDistance: 0
  m_EnableProjection: 0
  m_ProjectionDistance: 0.1
  m_ProjectionAngle: 180
  m_BreakForce: Infinity
  m_BreakTorque: Infinity
  m_EnableCollision: 0
  m_EnablePreprocessing: 0
  m_MassScale: 1
  m_ConnectedMassScale: 1
--- !u!1 &4815798398116946925
GameObject:
  m_ObjectHideFlags: 0
  m_CorrespondingSourceObject: {fileID: 0}
  m_PrefabInstance: {fileID: 0}
  m_PrefabAsset: {fileID: 0}
  serializedVersion: 6
  m_Component:
  - component: {fileID: 2173670533683950408}
  - component: {fileID: 6344546442290536502}
  - component: {fileID: 5498069024596241025}
  - component: {fileID: 2893292690547394792}
  m_Layer: 0
  m_Name: enemy_zombie
  m_TagString: Untagged
  m_Icon: {fileID: 0}
  m_NavMeshLayer: 0
  m_StaticEditorFlags: 0
  m_IsActive: 1
--- !u!4 &2173670533683950408
Transform:
  m_ObjectHideFlags: 0
  m_CorrespondingSourceObject: {fileID: 0}
  m_PrefabInstance: {fileID: 0}
  m_PrefabAsset: {fileID: 0}
  m_GameObject: {fileID: 4815798398116946925}
  m_LocalRotation: {x: 0, y: 0, z: 0, w: 1}
  m_LocalPosition: {x: 0, y: 0, z: 0}
  m_LocalScale: {x: 1, y: 1, z: 1}
  m_Children:
  - {fileID: 2296226984124558175}
  - {fileID: 2905551986804552391}
  - {fileID: 2025739903334779120}
  m_Father: {fileID: 0}
  m_RootOrder: 0
  m_LocalEulerAnglesHint: {x: 0, y: 0, z: 0}
--- !u!114 &6344546442290536502
MonoBehaviour:
  m_ObjectHideFlags: 0
  m_CorrespondingSourceObject: {fileID: 0}
  m_PrefabInstance: {fileID: 0}
  m_PrefabAsset: {fileID: 0}
  m_GameObject: {fileID: 4815798398116946925}
  m_Enabled: 1
  m_EditorHideFlags: 0
  m_Script: {fileID: 11500000, guid: 9ce2cc00faae0ae45bbe6320830931e8, type: 3}
  m_Name: 
  m_EditorClassIdentifier: 
  Walkpoint: {fileID: 2025739903334779120}
  player: {fileID: 0}
  _transform: {fileID: 0}
  settings: {fileID: 0}
  agent: {fileID: 0}
  healthController: {fileID: 0}
  hitDetector: {fileID: 0}
  eyes: {fileID: 6204608494389894019}
  GroundM:
    serializedVersion: 2
    m_Bits: 512
  PlayerM:
    serializedVersion: 2
    m_Bits: 2048
  Projectile: {fileID: 0}
  ready: 0
  currentState: 0
  Health: 0
  playerInSightRange: 0
  playerSpoted: 0
  playerInAttackRange: 0
  attacking: 0
  alreadyAttacked: 0
  linking: 0
  fowardForce: 0
  upwardForce: 0
  walkPoint: {x: 0, y: 0, z: 0}
  sightData: []
  animator: {fileID: 8588527344040264297}
  v_right: 0
  v_forward: 0
--- !u!54 &5498069024596241025
Rigidbody:
  m_ObjectHideFlags: 0
  m_CorrespondingSourceObject: {fileID: 0}
  m_PrefabInstance: {fileID: 0}
  m_PrefabAsset: {fileID: 0}
  m_GameObject: {fileID: 4815798398116946925}
  serializedVersion: 2
  m_Mass: 1000
  m_Drag: 1000
  m_AngularDrag: 0.05
  m_UseGravity: 0
  m_IsKinematic: 0
  m_Interpolate: 1
  m_Constraints: 80
  m_CollisionDetection: 2
--- !u!114 &2893292690547394792
MonoBehaviour:
  m_ObjectHideFlags: 0
  m_CorrespondingSourceObject: {fileID: 0}
  m_PrefabInstance: {fileID: 0}
  m_PrefabAsset: {fileID: 0}
  m_GameObject: {fileID: 4815798398116946925}
  m_Enabled: 1
  m_EditorHideFlags: 0
  m_Script: {fileID: 11500000, guid: a5c6a677ca365cd43ad12bab58f449a7, type: 3}
  m_Name: 
  m_EditorClassIdentifier: 
  torso:
  - {fileID: 6552307196870239126}
  - {fileID: 5904847513504424540}
  leftLeg:
  - {fileID: 4219349068164400203}
  - {fileID: 6211466901826693300}
  rightLeg:
  - {fileID: 4956058406909661486}
  - {fileID: 5927247222652727825}
  leftArm:
  - {fileID: 6101725460714416303}
  - {fileID: 105272169280459454}
  rightArm:
  - {fileID: 7982280426996554495}
  - {fileID: 928986639022283397}
  head:
  - {fileID: 492651856282367392}
--- !u!54 &5239456683572659404
Rigidbody:
  m_ObjectHideFlags: 0
  m_CorrespondingSourceObject: {fileID: 0}
  m_PrefabInstance: {fileID: 0}
  m_PrefabAsset: {fileID: 0}
  m_GameObject: {fileID: 5548093769255560950}
  serializedVersion: 2
  m_Mass: 10
  m_Drag: 0
  m_AngularDrag: 0.05
  m_UseGravity: 1
  m_IsKinematic: 0
  m_Interpolate: 0
  m_Constraints: 0
  m_CollisionDetection: 2
--- !u!136 &4956058406909661486
CapsuleCollider:
  m_ObjectHideFlags: 0
  m_CorrespondingSourceObject: {fileID: 0}
  m_PrefabInstance: {fileID: 0}
  m_PrefabAsset: {fileID: 0}
  m_GameObject: {fileID: 5548093769255560950}
  m_Material: {fileID: 13400000, guid: b5a0e4924f7983d49a3bd3a13b356429, type: 2}
  m_IsTrigger: 0
  m_Enabled: 1
  m_Radius: 0.07
  m_Height: 0.43294823
  m_Direction: 1
  m_Center: {x: 0, y: 0.21647412, z: 0}
--- !u!144 &8609739580232279656
CharacterJoint:
  m_ObjectHideFlags: 0
  m_CorrespondingSourceObject: {fileID: 0}
  m_PrefabInstance: {fileID: 0}
  m_PrefabAsset: {fileID: 0}
  m_GameObject: {fileID: 5548093769255560950}
  m_ConnectedBody: {fileID: 7543680470967128664}
  m_Anchor: {x: 0, y: 0, z: 0}
  m_Axis: {x: -1, y: 0, z: 0}
  m_AutoConfigureConnectedAnchor: 1
  m_ConnectedAnchor: {x: 0.09373935, y: -0.0491061, z: -0.005413424}
  serializedVersion: 2
  m_SwingAxis: {x: 0, y: 0, z: 1}
  m_TwistLimitSpring:
    spring: 0
    damper: 0
  m_LowTwistLimit:
    limit: -20
    bounciness: 0
    contactDistance: 0
  m_HighTwistLimit:
    limit: 70
    bounciness: 0
    contactDistance: 0
  m_SwingLimitSpring:
    spring: 0
    damper: 0
  m_Swing1Limit:
    limit: 30
    bounciness: 0
    contactDistance: 0
  m_Swing2Limit:
    limit: 0
    bounciness: 0
    contactDistance: 0
  m_EnableProjection: 0
  m_ProjectionDistance: 0.1
  m_ProjectionAngle: 180
  m_BreakForce: Infinity
  m_BreakTorque: Infinity
  m_EnableCollision: 0
  m_EnablePreprocessing: 0
  m_MassScale: 1
  m_ConnectedMassScale: 1
--- !u!54 &6518295726917558445
Rigidbody:
  m_ObjectHideFlags: 0
  m_CorrespondingSourceObject: {fileID: 0}
  m_PrefabInstance: {fileID: 0}
  m_PrefabAsset: {fileID: 0}
  m_GameObject: {fileID: 5695934969029837097}
  serializedVersion: 2
  m_Mass: 10
  m_Drag: 0
  m_AngularDrag: 0.05
  m_UseGravity: 1
  m_IsKinematic: 0
  m_Interpolate: 0
  m_Constraints: 0
  m_CollisionDetection: 2
--- !u!136 &5927247222652727825
CapsuleCollider:
  m_ObjectHideFlags: 0
  m_CorrespondingSourceObject: {fileID: 0}
  m_PrefabInstance: {fileID: 0}
  m_PrefabAsset: {fileID: 0}
  m_GameObject: {fileID: 5695934969029837097}
  m_Material: {fileID: 13400000, guid: b5a0e4924f7983d49a3bd3a13b356429, type: 2}
  m_IsTrigger: 0
  m_Enabled: 1
  m_Radius: 0.07
  m_Height: 0.56495947
  m_Direction: 1
  m_Center: {x: 0, y: 0.28247973, z: 0}
--- !u!144 &4844829627869006572
CharacterJoint:
  m_ObjectHideFlags: 0
  m_CorrespondingSourceObject: {fileID: 0}
  m_PrefabInstance: {fileID: 0}
  m_PrefabAsset: {fileID: 0}
  m_GameObject: {fileID: 5695934969029837097}
  m_ConnectedBody: {fileID: 5239456683572659404}
  m_Anchor: {x: 0, y: 0, z: 0}
  m_Axis: {x: -1, y: 0, z: 0}
  m_AutoConfigureConnectedAnchor: 1
  m_ConnectedAnchor: {x: 0.0000000027939677, y: 0.43294823, z: 0}
  serializedVersion: 2
  m_SwingAxis: {x: 0, y: 0, z: 1}
  m_TwistLimitSpring:
    spring: 0
    damper: 0
  m_LowTwistLimit:
    limit: -80
    bounciness: 0
    contactDistance: 0
  m_HighTwistLimit:
    limit: 0
    bounciness: 0
    contactDistance: 0
  m_SwingLimitSpring:
    spring: 0
    damper: 0
  m_Swing1Limit:
    limit: 0
    bounciness: 0
    contactDistance: 0
  m_Swing2Limit:
    limit: 0
    bounciness: 0
    contactDistance: 0
  m_EnableProjection: 0
  m_ProjectionDistance: 0.1
  m_ProjectionAngle: 180
  m_BreakForce: Infinity
  m_BreakTorque: Infinity
  m_EnableCollision: 0
  m_EnablePreprocessing: 0
  m_MassScale: 1
  m_ConnectedMassScale: 1
--- !u!54 &6094327637936936826
Rigidbody:
  m_ObjectHideFlags: 0
  m_CorrespondingSourceObject: {fileID: 0}
  m_PrefabInstance: {fileID: 0}
  m_PrefabAsset: {fileID: 0}
  m_GameObject: {fileID: 7955079179873473531}
  serializedVersion: 2
  m_Mass: 10
  m_Drag: 0
  m_AngularDrag: 0.05
  m_UseGravity: 1
  m_IsKinematic: 0
  m_Interpolate: 0
  m_Constraints: 0
  m_CollisionDetection: 2
--- !u!136 &928986639022283397
CapsuleCollider:
  m_ObjectHideFlags: 0
  m_CorrespondingSourceObject: {fileID: 0}
  m_PrefabInstance: {fileID: 0}
  m_PrefabAsset: {fileID: 0}
  m_GameObject: {fileID: 7955079179873473531}
  m_Material: {fileID: 0}
  m_IsTrigger: 0
  m_Enabled: 1
  m_Radius: 0.04
  m_Height: 0.3
  m_Direction: 1
  m_Center: {x: 0, y: 0.22314502, z: 0}
--- !u!144 &4304041091566155409
CharacterJoint:
  m_ObjectHideFlags: 0
  m_CorrespondingSourceObject: {fileID: 0}
  m_PrefabInstance: {fileID: 0}
  m_PrefabAsset: {fileID: 0}
  m_GameObject: {fileID: 7955079179873473531}
  m_ConnectedBody: {fileID: 6835895671802098230}
  m_Anchor: {x: 0, y: 0, z: 0}
  m_Axis: {x: -1, y: 0, z: 0}
  m_AutoConfigureConnectedAnchor: 1
  m_ConnectedAnchor: {x: -0.000000011175871, y: 0.2691906, z: 0.000000014901161}
  serializedVersion: 2
  m_SwingAxis: {x: 0, y: 0, z: -1}
  m_TwistLimitSpring:
    spring: 0
    damper: 0
  m_LowTwistLimit:
    limit: -90
    bounciness: 0
    contactDistance: 0
  m_HighTwistLimit:
    limit: 0
    bounciness: 0
    contactDistance: 0
  m_SwingLimitSpring:
    spring: 0
    damper: 0
  m_Swing1Limit:
    limit: 0
    bounciness: 0
    contactDistance: 0
  m_Swing2Limit:
    limit: 0
    bounciness: 0
    contactDistance: 0
  m_EnableProjection: 0
  m_ProjectionDistance: 0.1
  m_ProjectionAngle: 180
  m_BreakForce: Infinity
  m_BreakTorque: Infinity
  m_EnableCollision: 0
  m_EnablePreprocessing: 0
  m_MassScale: 1
  m_ConnectedMassScale: 1
--- !u!54 &6835895671802098230
Rigidbody:
  m_ObjectHideFlags: 0
  m_CorrespondingSourceObject: {fileID: 0}
  m_PrefabInstance: {fileID: 0}
  m_PrefabAsset: {fileID: 0}
  m_GameObject: {fileID: 7961448240714882383}
  serializedVersion: 2
  m_Mass: 10
  m_Drag: 0
  m_AngularDrag: 0.05
  m_UseGravity: 1
  m_IsKinematic: 0
  m_Interpolate: 0
  m_Constraints: 0
  m_CollisionDetection: 2
--- !u!136 &7982280426996554495
CapsuleCollider:
  m_ObjectHideFlags: 0
  m_CorrespondingSourceObject: {fileID: 0}
  m_PrefabInstance: {fileID: 0}
  m_PrefabAsset: {fileID: 0}
  m_GameObject: {fileID: 7961448240714882383}
  m_Material: {fileID: 0}
  m_IsTrigger: 0
  m_Enabled: 1
  m_Radius: 0.04
  m_Height: 0.2691906
  m_Direction: 1
  m_Center: {x: 0, y: 0.1345953, z: 0}
--- !u!144 &8031314318838445025
CharacterJoint:
  m_ObjectHideFlags: 0
  m_CorrespondingSourceObject: {fileID: 0}
  m_PrefabInstance: {fileID: 0}
  m_PrefabAsset: {fileID: 0}
  m_GameObject: {fileID: 7961448240714882383}
  m_ConnectedBody: {fileID: 2201561058920579529}
  m_Anchor: {x: 0, y: 0, z: 0}
  m_Axis: {x: 0, y: 0, z: -1}
  m_AutoConfigureConnectedAnchor: 1
  m_ConnectedAnchor: {x: 0.18808222, y: 0.08821561, z: -0.006328135}
  serializedVersion: 2
  m_SwingAxis: {x: -1, y: 0, z: 0}
  m_TwistLimitSpring:
    spring: 0
    damper: 0
  m_LowTwistLimit:
    limit: -70
    bounciness: 0
    contactDistance: 0
  m_HighTwistLimit:
    limit: 10
    bounciness: 0
    contactDistance: 0
  m_SwingLimitSpring:
    spring: 0
    damper: 0
  m_Swing1Limit:
    limit: 50
    bounciness: 0
    contactDistance: 0
  m_Swing2Limit:
    limit: 0
    bounciness: 0
    contactDistance: 0
  m_EnableProjection: 0
  m_ProjectionDistance: 0.1
  m_ProjectionAngle: 180
  m_BreakForce: Infinity
  m_BreakTorque: Infinity
  m_EnableCollision: 0
  m_EnablePreprocessing: 0
  m_MassScale: 1
  m_ConnectedMassScale: 1
--- !u!54 &2685751473477899233
Rigidbody:
  m_ObjectHideFlags: 0
  m_CorrespondingSourceObject: {fileID: 0}
  m_PrefabInstance: {fileID: 0}
  m_PrefabAsset: {fileID: 0}
  m_GameObject: {fileID: 8033490465206988553}
  serializedVersion: 2
  m_Mass: 10
  m_Drag: 0
  m_AngularDrag: 0.05
  m_UseGravity: 1
  m_IsKinematic: 0
  m_Interpolate: 0
  m_Constraints: 0
  m_CollisionDetection: 2
--- !u!136 &105272169280459454
CapsuleCollider:
  m_ObjectHideFlags: 0
  m_CorrespondingSourceObject: {fileID: 0}
  m_PrefabInstance: {fileID: 0}
  m_PrefabAsset: {fileID: 0}
  m_GameObject: {fileID: 8033490465206988553}
  m_Material: {fileID: 13400000, guid: b5a0e4924f7983d49a3bd3a13b356429, type: 2}
  m_IsTrigger: 0
  m_Enabled: 1
  m_Radius: 0.04
  m_Height: 0.3
  m_Direction: 1
  m_Center: {x: 0, y: 0.22311705, z: 0}
--- !u!144 &8243133504406087023
CharacterJoint:
  m_ObjectHideFlags: 0
  m_CorrespondingSourceObject: {fileID: 0}
  m_PrefabInstance: {fileID: 0}
  m_PrefabAsset: {fileID: 0}
  m_GameObject: {fileID: 8033490465206988553}
  m_ConnectedBody: {fileID: 7348192827901731219}
  m_Anchor: {x: 0, y: 0, z: 0}
  m_Axis: {x: 1, y: 0, z: 0}
  m_AutoConfigureConnectedAnchor: 1
  m_ConnectedAnchor: {x: -0.000000015832484, y: 0.26918957, z: 0.000000052154064}
  serializedVersion: 2
  m_SwingAxis: {x: 0, y: 0, z: -1}
  m_TwistLimitSpring:
    spring: 0
    damper: 0
  m_LowTwistLimit:
    limit: -90
    bounciness: 0
    contactDistance: 0
  m_HighTwistLimit:
    limit: 0
    bounciness: 0
    contactDistance: 0
  m_SwingLimitSpring:
    spring: 0
    damper: 0
  m_Swing1Limit:
    limit: 0
    bounciness: 0
    contactDistance: 0
  m_Swing2Limit:
    limit: 0
    bounciness: 0
    contactDistance: 0
  m_EnableProjection: 0
  m_ProjectionDistance: 0.1
  m_ProjectionAngle: 180
  m_BreakForce: Infinity
  m_BreakTorque: Infinity
  m_EnableCollision: 0
  m_EnablePreprocessing: 0
  m_MassScale: 1
  m_ConnectedMassScale: 1
--- !u!54 &7543680470967128664
Rigidbody:
  m_ObjectHideFlags: 0
  m_CorrespondingSourceObject: {fileID: 0}
  m_PrefabInstance: {fileID: 0}
  m_PrefabAsset: {fileID: 0}
  m_GameObject: {fileID: 9016361724079134499}
  serializedVersion: 2
  m_Mass: 30
  m_Drag: 0
  m_AngularDrag: 0.05
  m_UseGravity: 1
  m_IsKinematic: 0
  m_Interpolate: 0
  m_Constraints: 0
  m_CollisionDetection: 2
--- !u!65 &6552307196870239126
BoxCollider:
  m_ObjectHideFlags: 0
  m_CorrespondingSourceObject: {fileID: 0}
  m_PrefabInstance: {fileID: 0}
  m_PrefabAsset: {fileID: 0}
  m_GameObject: {fileID: 9016361724079134499}
  m_Material: {fileID: 13400000, guid: b5a0e4924f7983d49a3bd3a13b356429, type: 2}
  m_IsTrigger: 0
  m_Enabled: 1
  serializedVersion: 2
  m_Size: {x: 0.28, y: 0.35836765, z: 0.14}
  m_Center: {x: 0.000037625432, y: 0.13007773, z: 0}
--- !u!54 &4307592007840886761
Rigidbody:
  m_ObjectHideFlags: 0
  m_CorrespondingSourceObject: {fileID: 0}
  m_PrefabInstance: {fileID: 0}
  m_PrefabAsset: {fileID: 0}
  m_GameObject: {fileID: 9058574374490625781}
  serializedVersion: 2
  m_Mass: 10
  m_Drag: 0
  m_AngularDrag: 0.05
  m_UseGravity: 1
  m_IsKinematic: 0
  m_Interpolate: 0
  m_Constraints: 0
  m_CollisionDetection: 2
--- !u!136 &4219349068164400203
CapsuleCollider:
  m_ObjectHideFlags: 0
  m_CorrespondingSourceObject: {fileID: 0}
  m_PrefabInstance: {fileID: 0}
  m_PrefabAsset: {fileID: 0}
  m_GameObject: {fileID: 9058574374490625781}
  m_Material: {fileID: 13400000, guid: b5a0e4924f7983d49a3bd3a13b356429, type: 2}
  m_IsTrigger: 0
  m_Enabled: 1
  m_Radius: 0.07
  m_Height: 0.43286923
  m_Direction: 1
  m_Center: {x: 0, y: 0.21643461, z: 0}
--- !u!144 &248753202786337089
CharacterJoint:
  m_ObjectHideFlags: 0
  m_CorrespondingSourceObject: {fileID: 0}
  m_PrefabInstance: {fileID: 0}
  m_PrefabAsset: {fileID: 0}
  m_GameObject: {fileID: 9058574374490625781}
  m_ConnectedBody: {fileID: 7543680470967128664}
  m_Anchor: {x: 0, y: 0, z: 0}
  m_Axis: {x: -1, y: 0, z: 0}
  m_AutoConfigureConnectedAnchor: 1
  m_ConnectedAnchor: {x: -0.09373935, y: -0.049106024, z: -0.0052553043}
  serializedVersion: 2
  m_SwingAxis: {x: 0, y: 0, z: 1}
  m_TwistLimitSpring:
    spring: 0
    damper: 0
  m_LowTwistLimit:
    limit: -20
    bounciness: 0
    contactDistance: 0
  m_HighTwistLimit:
    limit: 70
    bounciness: 0
    contactDistance: 0
  m_SwingLimitSpring:
    spring: 0
    damper: 0
  m_Swing1Limit:
    limit: 30
    bounciness: 0
    contactDistance: 0
  m_Swing2Limit:
    limit: 0
    bounciness: 0
    contactDistance: 0
  m_EnableProjection: 0
  m_ProjectionDistance: 0.1
  m_ProjectionAngle: 180
  m_BreakForce: Infinity
  m_BreakTorque: Infinity
  m_EnableCollision: 0
  m_EnablePreprocessing: 0
  m_MassScale: 1
  m_ConnectedMassScale: 1
--- !u!1001 &1753992882547870900
PrefabInstance:
  m_ObjectHideFlags: 0
  serializedVersion: 2
  m_Modification:
    m_TransformParent: {fileID: 2173670533683950408}
    m_Modifications:
    - target: {fileID: -8679921383154817045, guid: f8d84142713ba044ab593955ccd54cee, type: 3}
      propertyPath: m_LocalPosition.x
      value: 0
      objectReference: {fileID: 0}
    - target: {fileID: -8679921383154817045, guid: f8d84142713ba044ab593955ccd54cee, type: 3}
      propertyPath: m_LocalPosition.y
      value: 0
      objectReference: {fileID: 0}
    - target: {fileID: -8679921383154817045, guid: f8d84142713ba044ab593955ccd54cee, type: 3}
      propertyPath: m_LocalPosition.z
      value: 0
      objectReference: {fileID: 0}
    - target: {fileID: -8679921383154817045, guid: f8d84142713ba044ab593955ccd54cee, type: 3}
      propertyPath: m_LocalRotation.x
      value: -0
      objectReference: {fileID: 0}
    - target: {fileID: -8679921383154817045, guid: f8d84142713ba044ab593955ccd54cee, type: 3}
      propertyPath: m_LocalRotation.y
      value: -0
      objectReference: {fileID: 0}
    - target: {fileID: -8679921383154817045, guid: f8d84142713ba044ab593955ccd54cee, type: 3}
      propertyPath: m_LocalRotation.z
      value: -0
      objectReference: {fileID: 0}
    - target: {fileID: -8679921383154817045, guid: f8d84142713ba044ab593955ccd54cee, type: 3}
      propertyPath: m_LocalRotation.w
      value: 1
      objectReference: {fileID: 0}
    - target: {fileID: -8679921383154817045, guid: f8d84142713ba044ab593955ccd54cee, type: 3}
      propertyPath: m_RootOrder
      value: 0
      objectReference: {fileID: 0}
    - target: {fileID: -8679921383154817045, guid: f8d84142713ba044ab593955ccd54cee, type: 3}
      propertyPath: m_LocalEulerAnglesHint.x
      value: 0
      objectReference: {fileID: 0}
    - target: {fileID: -8679921383154817045, guid: f8d84142713ba044ab593955ccd54cee, type: 3}
      propertyPath: m_LocalEulerAnglesHint.y
      value: 0
      objectReference: {fileID: 0}
    - target: {fileID: -8679921383154817045, guid: f8d84142713ba044ab593955ccd54cee, type: 3}
      propertyPath: m_LocalEulerAnglesHint.z
      value: 0
      objectReference: {fileID: 0}
    - target: {fileID: 919132149155446097, guid: f8d84142713ba044ab593955ccd54cee, type: 3}
      propertyPath: m_Name
      value: Ch10_nonPBR
      objectReference: {fileID: 0}
    m_RemovedComponents: []
  m_SourcePrefab: {fileID: 100100000, guid: f8d84142713ba044ab593955ccd54cee, type: 3}
--- !u!1 &1620254169143150897 stripped
GameObject:
  m_CorrespondingSourceObject: {fileID: 1020948974440007045, guid: f8d84142713ba044ab593955ccd54cee, type: 3}
  m_PrefabInstance: {fileID: 1753992882547870900}
  m_PrefabAsset: {fileID: 0}
--- !u!1 &237515972708904609 stripped
GameObject:
  m_CorrespondingSourceObject: {fileID: -7269728169905626603, guid: f8d84142713ba044ab593955ccd54cee, type: 3}
  m_PrefabInstance: {fileID: 1753992882547870900}
  m_PrefabAsset: {fileID: 0}
--- !u!1 &191758584051193657 stripped
GameObject:
  m_CorrespondingSourceObject: {fileID: 1945040816612613005, guid: f8d84142713ba044ab593955ccd54cee, type: 3}
  m_PrefabInstance: {fileID: 1753992882547870900}
  m_PrefabAsset: {fileID: 0}
--- !u!4 &5784937428647094514 stripped
Transform:
  m_CorrespondingSourceObject: {fileID: -4026404112830864314, guid: f8d84142713ba044ab593955ccd54cee, type: 3}
  m_PrefabInstance: {fileID: 1753992882547870900}
  m_PrefabAsset: {fileID: 0}
--- !u!1 &9058574374490625781 stripped
GameObject:
  m_CorrespondingSourceObject: {fileID: -1881965479880549823, guid: f8d84142713ba044ab593955ccd54cee, type: 3}
  m_PrefabInstance: {fileID: 1753992882547870900}
  m_PrefabAsset: {fileID: 0}
--- !u!1 &7961448240714882383 stripped
GameObject:
  m_CorrespondingSourceObject: {fileID: 8515130166721925627, guid: f8d84142713ba044ab593955ccd54cee, type: 3}
  m_PrefabInstance: {fileID: 1753992882547870900}
  m_PrefabAsset: {fileID: 0}
--- !u!1 &7955079179873473531 stripped
GameObject:
  m_CorrespondingSourceObject: {fileID: -706658983441424561, guid: f8d84142713ba044ab593955ccd54cee, type: 3}
  m_PrefabInstance: {fileID: 1753992882547870900}
  m_PrefabAsset: {fileID: 0}
--- !u!1 &9016361724079134499 stripped
GameObject:
  m_CorrespondingSourceObject: {fileID: 7311561063055367063, guid: f8d84142713ba044ab593955ccd54cee, type: 3}
  m_PrefabInstance: {fileID: 1753992882547870900}
  m_PrefabAsset: {fileID: 0}
--- !u!4 &2296226984124558175 stripped
Transform:
  m_CorrespondingSourceObject: {fileID: -8679921383154817045, guid: f8d84142713ba044ab593955ccd54cee, type: 3}
  m_PrefabInstance: {fileID: 1753992882547870900}
  m_PrefabAsset: {fileID: 0}
--- !u!1 &1483380730076164581 stripped
GameObject:
  m_CorrespondingSourceObject: {fileID: 919132149155446097, guid: f8d84142713ba044ab593955ccd54cee, type: 3}
  m_PrefabInstance: {fileID: 1753992882547870900}
  m_PrefabAsset: {fileID: 0}
--- !u!1 &2067295177893018640 stripped
GameObject:
  m_CorrespondingSourceObject: {fileID: 353511925560422564, guid: f8d84142713ba044ab593955ccd54cee, type: 3}
  m_PrefabInstance: {fileID: 1753992882547870900}
  m_PrefabAsset: {fileID: 0}
--- !u!1 &5695934969029837097 stripped
GameObject:
  m_CorrespondingSourceObject: {fileID: -2928631036446536291, guid: f8d84142713ba044ab593955ccd54cee, type: 3}
  m_PrefabInstance: {fileID: 1753992882547870900}
  m_PrefabAsset: {fileID: 0}
--- !u!1 &5548093769255560950 stripped
GameObject:
  m_CorrespondingSourceObject: {fileID: -3122781417413711294, guid: f8d84142713ba044ab593955ccd54cee, type: 3}
  m_PrefabInstance: {fileID: 1753992882547870900}
  m_PrefabAsset: {fileID: 0}
--- !u!1 &8033490465206988553 stripped
GameObject:
  m_CorrespondingSourceObject: {fileID: 8587201446677717949, guid: f8d84142713ba044ab593955ccd54cee, type: 3}
  m_PrefabInstance: {fileID: 1753992882547870900}
  m_PrefabAsset: {fileID: 0}
