%YAML 1.1
%TAG !u! tag:unity3d.com,2011:
--- !u!1 &182252297960863580
GameObject:
  m_ObjectHideFlags: 0
  m_CorrespondingSourceObject: {fileID: 0}
  m_PrefabInstance: {fileID: 0}
  m_PrefabAsset: {fileID: 0}
  serializedVersion: 6
  m_Component:
  - component: {fileID: 7137126873998830513}
  m_Layer: 0
  m_Name: Army_BedRoom_ver 1
  m_TagString: Untagged
  m_Icon: {fileID: 0}
  m_NavMeshLayer: 0
  m_StaticEditorFlags: 0
  m_IsActive: 1
--- !u!4 &7137126873998830513
Transform:
  m_ObjectHideFlags: 0
  m_CorrespondingSourceObject: {fileID: 0}
  m_PrefabInstance: {fileID: 0}
  m_PrefabAsset: {fileID: 0}
  m_GameObject: {fileID: 182252297960863580}
  m_LocalRotation: {x: -0, y: -0, z: -0, w: 1}
  m_LocalPosition: {x: -5.9178596, y: -0.40643454, z: 2.0793903}
  m_LocalScale: {x: 0.33333334, y: 0.33333334, z: 0.33333334}
  m_Children:
  - {fileID: 5628769660407603202}
  - {fileID: 3791269095885295445}
  - {fileID: 8969573221272427594}
  m_Father: {fileID: 0}
  m_RootOrder: 0
  m_LocalEulerAnglesHint: {x: 0, y: 0, z: 0}
--- !u!1001 &767427856375308600
PrefabInstance:
  m_ObjectHideFlags: 0
  serializedVersion: 2
  m_Modification:
    m_TransformParent: {fileID: 7137126873998830513}
    m_Modifications:
    - target: {fileID: 4952582721351844154, guid: c281f60676d665c438ee1e8a0fe0a52b, type: 3}
      propertyPath: m_LocalPosition.x
      value: 21.468624
      objectReference: {fileID: 0}
    - target: {fileID: 4952582721351844154, guid: c281f60676d665c438ee1e8a0fe0a52b, type: 3}
      propertyPath: m_LocalPosition.y
      value: 5.7193036
      objectReference: {fileID: 0}
    - target: {fileID: 4952582721351844154, guid: c281f60676d665c438ee1e8a0fe0a52b, type: 3}
      propertyPath: m_LocalPosition.z
      value: -8.98077
      objectReference: {fileID: 0}
    - target: {fileID: 4952582721351844154, guid: c281f60676d665c438ee1e8a0fe0a52b, type: 3}
      propertyPath: m_LocalRotation.x
      value: 0.17216294
      objectReference: {fileID: 0}
    - target: {fileID: 4952582721351844154, guid: c281f60676d665c438ee1e8a0fe0a52b, type: 3}
      propertyPath: m_LocalRotation.y
      value: 0.1285432
      objectReference: {fileID: 0}
    - target: {fileID: 4952582721351844154, guid: c281f60676d665c438ee1e8a0fe0a52b, type: 3}
      propertyPath: m_LocalRotation.z
      value: 0.022665681
      objectReference: {fileID: 0}
    - target: {fileID: 4952582721351844154, guid: c281f60676d665c438ee1e8a0fe0a52b, type: 3}
      propertyPath: m_LocalRotation.w
      value: -0.97638255
      objectReference: {fileID: 0}
    - target: {fileID: 4952582721351844154, guid: c281f60676d665c438ee1e8a0fe0a52b, type: 3}
      propertyPath: m_RootOrder
      value: 0
      objectReference: {fileID: 0}
    - target: {fileID: 4952582721351844154, guid: c281f60676d665c438ee1e8a0fe0a52b, type: 3}
      propertyPath: m_LocalEulerAnglesHint.x
      value: 0
      objectReference: {fileID: 0}
    - target: {fileID: 4952582721351844154, guid: c281f60676d665c438ee1e8a0fe0a52b, type: 3}
      propertyPath: m_LocalEulerAnglesHint.y
      value: 0
      objectReference: {fileID: 0}
    - target: {fileID: 4952582721351844154, guid: c281f60676d665c438ee1e8a0fe0a52b, type: 3}
      propertyPath: m_LocalEulerAnglesHint.z
      value: 0
      objectReference: {fileID: 0}
    - target: {fileID: 4952582721351844154, guid: c281f60676d665c438ee1e8a0fe0a52b, type: 3}
      propertyPath: m_LocalScale.x
      value: 0.33333334
      objectReference: {fileID: 0}
    - target: {fileID: 4952582721351844154, guid: c281f60676d665c438ee1e8a0fe0a52b, type: 3}
      propertyPath: m_LocalScale.y
      value: 0.33333346
      objectReference: {fileID: 0}
    - target: {fileID: 4952582721351844154, guid: c281f60676d665c438ee1e8a0fe0a52b, type: 3}
      propertyPath: m_LocalScale.z
      value: 0.33333334
      objectReference: {fileID: 0}
    - target: {fileID: 4952582721352080666, guid: c281f60676d665c438ee1e8a0fe0a52b, type: 3}
      propertyPath: m_Name
      value: Water Leak Light
      objectReference: {fileID: 0}
    m_RemovedComponents: []
  m_SourcePrefab: {fileID: 100100000, guid: c281f60676d665c438ee1e8a0fe0a52b, type: 3}
--- !u!4 &5628769660407603202 stripped
Transform:
  m_CorrespondingSourceObject: {fileID: 4952582721351844154, guid: c281f60676d665c438ee1e8a0fe0a52b, type: 3}
  m_PrefabInstance: {fileID: 767427856375308600}
  m_PrefabAsset: {fileID: 0}
--- !u!1001 &6399368872658259455
PrefabInstance:
  m_ObjectHideFlags: 0
  serializedVersion: 2
  m_Modification:
    m_TransformParent: {fileID: 7137126873998830513}
    m_Modifications:
    - target: {fileID: 2645147108984770997, guid: b86d1813b5ce4a74b9926695d82d357c, type: 3}
      propertyPath: m_LocalPosition.x
      value: 19.144333
      objectReference: {fileID: 0}
    - target: {fileID: 2645147108984770997, guid: b86d1813b5ce4a74b9926695d82d357c, type: 3}
      propertyPath: m_LocalPosition.y
      value: 5.1454554
      objectReference: {fileID: 0}
    - target: {fileID: 2645147108984770997, guid: b86d1813b5ce4a74b9926695d82d357c, type: 3}
      propertyPath: m_LocalPosition.z
      value: -6.5425262
      objectReference: {fileID: 0}
    - target: {fileID: 2645147108984770997, guid: b86d1813b5ce4a74b9926695d82d357c, type: 3}
      propertyPath: m_LocalRotation.x
      value: -0
      objectReference: {fileID: 0}
    - target: {fileID: 2645147108984770997, guid: b86d1813b5ce4a74b9926695d82d357c, type: 3}
      propertyPath: m_LocalRotation.y
      value: -0
      objectReference: {fileID: 0}
    - target: {fileID: 2645147108984770997, guid: b86d1813b5ce4a74b9926695d82d357c, type: 3}
      propertyPath: m_LocalRotation.z
      value: -0
      objectReference: {fileID: 0}
    - target: {fileID: 2645147108984770997, guid: b86d1813b5ce4a74b9926695d82d357c, type: 3}
      propertyPath: m_LocalRotation.w
      value: 1
      objectReference: {fileID: 0}
    - target: {fileID: 2645147108984770997, guid: b86d1813b5ce4a74b9926695d82d357c, type: 3}
      propertyPath: m_RootOrder
      value: 2
      objectReference: {fileID: 0}
    - target: {fileID: 2645147108984770997, guid: b86d1813b5ce4a74b9926695d82d357c, type: 3}
      propertyPath: m_LocalEulerAnglesHint.x
      value: 0
      objectReference: {fileID: 0}
    - target: {fileID: 2645147108984770997, guid: b86d1813b5ce4a74b9926695d82d357c, type: 3}
      propertyPath: m_LocalEulerAnglesHint.y
      value: 0
      objectReference: {fileID: 0}
    - target: {fileID: 2645147108984770997, guid: b86d1813b5ce4a74b9926695d82d357c, type: 3}
      propertyPath: m_LocalEulerAnglesHint.z
      value: 0
      objectReference: {fileID: 0}
    - target: {fileID: 2645147108984770997, guid: b86d1813b5ce4a74b9926695d82d357c, type: 3}
      propertyPath: m_LocalScale.x
      value: 1
      objectReference: {fileID: 0}
    - target: {fileID: 2645147108984770997, guid: b86d1813b5ce4a74b9926695d82d357c, type: 3}
      propertyPath: m_LocalScale.y
      value: 1
      objectReference: {fileID: 0}
    - target: {fileID: 2645147108984770997, guid: b86d1813b5ce4a74b9926695d82d357c, type: 3}
      propertyPath: m_LocalScale.z
      value: 1
      objectReference: {fileID: 0}
    - target: {fileID: 2645147108985261461, guid: b86d1813b5ce4a74b9926695d82d357c, type: 3}
      propertyPath: m_Name
      value: Rock Dust Variant
      objectReference: {fileID: 0}
    m_RemovedComponents: []
  m_SourcePrefab: {fileID: 100100000, guid: b86d1813b5ce4a74b9926695d82d357c, type: 3}
--- !u!4 &8969573221272427594 stripped
Transform:
  m_CorrespondingSourceObject: {fileID: 2645147108984770997, guid: b86d1813b5ce4a74b9926695d82d357c, type: 3}
  m_PrefabInstance: {fileID: 6399368872658259455}
  m_PrefabAsset: {fileID: 0}
--- !u!1001 &9006009563199566895
PrefabInstance:
  m_ObjectHideFlags: 0
  serializedVersion: 2
  m_Modification:
    m_TransformParent: {fileID: 7137126873998830513}
    m_Modifications:
    - target: {fileID: 5217014296154684282, guid: 5e8d781f3e70e984ea96a3aa95be9585, type: 3}
      propertyPath: m_LocalPosition.x
      value: 21.983578
      objectReference: {fileID: 0}
    - target: {fileID: 5217014296154684282, guid: 5e8d781f3e70e984ea96a3aa95be9585, type: 3}
      propertyPath: m_LocalPosition.y
      value: 3.4926777
      objectReference: {fileID: 0}
    - target: {fileID: 5217014296154684282, guid: 5e8d781f3e70e984ea96a3aa95be9585, type: 3}
      propertyPath: m_LocalPosition.z
      value: -8.098171
      objectReference: {fileID: 0}
    - target: {fileID: 5217014296154684282, guid: 5e8d781f3e70e984ea96a3aa95be9585, type: 3}
      propertyPath: m_LocalRotation.x
      value: -0
      objectReference: {fileID: 0}
    - target: {fileID: 5217014296154684282, guid: 5e8d781f3e70e984ea96a3aa95be9585, type: 3}
      propertyPath: m_LocalRotation.y
      value: -0
      objectReference: {fileID: 0}
    - target: {fileID: 5217014296154684282, guid: 5e8d781f3e70e984ea96a3aa95be9585, type: 3}
      propertyPath: m_LocalRotation.z
      value: -0.0000000037252899
      objectReference: {fileID: 0}
    - target: {fileID: 5217014296154684282, guid: 5e8d781f3e70e984ea96a3aa95be9585, type: 3}
      propertyPath: m_LocalRotation.w
      value: 1
      objectReference: {fileID: 0}
    - target: {fileID: 5217014296154684282, guid: 5e8d781f3e70e984ea96a3aa95be9585, type: 3}
      propertyPath: m_RootOrder
      value: 1
      objectReference: {fileID: 0}
    - target: {fileID: 5217014296154684282, guid: 5e8d781f3e70e984ea96a3aa95be9585, type: 3}
      propertyPath: m_LocalEulerAnglesHint.x
      value: 0
      objectReference: {fileID: 0}
    - target: {fileID: 5217014296154684282, guid: 5e8d781f3e70e984ea96a3aa95be9585, type: 3}
      propertyPath: m_LocalEulerAnglesHint.y
      value: 0
      objectReference: {fileID: 0}
    - target: {fileID: 5217014296154684282, guid: 5e8d781f3e70e984ea96a3aa95be9585, type: 3}
      propertyPath: m_LocalEulerAnglesHint.z
      value: 0
      objectReference: {fileID: 0}
    - target: {fileID: 5217014296154684282, guid: 5e8d781f3e70e984ea96a3aa95be9585, type: 3}
      propertyPath: m_LocalScale.x
      value: 1.0949881
      objectReference: {fileID: 0}
    - target: {fileID: 5217014296154684282, guid: 5e8d781f3e70e984ea96a3aa95be9585, type: 3}
      propertyPath: m_LocalScale.y
      value: 0.9628999
      objectReference: {fileID: 0}
    - target: {fileID: 5217014296154684282, guid: 5e8d781f3e70e984ea96a3aa95be9585, type: 3}
      propertyPath: m_LocalScale.z
      value: 1.2262499
      objectReference: {fileID: 0}
    - target: {fileID: 6559652480429516287, guid: 5e8d781f3e70e984ea96a3aa95be9585, type: 3}
      propertyPath: m_Name
      value: Dust System 6x9
      objectReference: {fileID: 0}
    m_RemovedComponents: []
  m_SourcePrefab: {fileID: 100100000, guid: 5e8d781f3e70e984ea96a3aa95be9585, type: 3}
--- !u!4 &3791269095885295445 stripped
Transform:
  m_CorrespondingSourceObject: {fileID: 5217014296154684282, guid: 5e8d781f3e70e984ea96a3aa95be9585, type: 3}
  m_PrefabInstance: {fileID: 9006009563199566895}
  m_PrefabAsset: {fileID: 0}
