%YAML 1.1
%TAG !u! tag:unity3d.com,2011:
--- !u!1 &2065567834319755910
GameObject:
  m_ObjectHideFlags: 0
  m_CorrespondingSourceObject: {fileID: 0}
  m_PrefabInstance: {fileID: 0}
  m_PrefabAsset: {fileID: 0}
  serializedVersion: 6
  m_Component:
  - component: {fileID: 410138935051488128}
  m_Layer: 0
  m_Name: bed room ver 1 6x9 1 vfx
  m_TagString: Untagged
  m_Icon: {fileID: 0}
  m_NavMeshLayer: 0
  m_StaticEditorFlags: 0
  m_IsActive: 1
--- !u!4 &410138935051488128
Transform:
  m_ObjectHideFlags: 0
  m_CorrespondingSourceObject: {fileID: 0}
  m_PrefabInstance: {fileID: 0}
  m_PrefabAsset: {fileID: 0}
  m_GameObject: {fileID: 2065567834319755910}
  m_LocalRotation: {x: -0, y: -0, z: -0, w: 1}
  m_LocalPosition: {x: 5.4501486, y: 0.47544378, z: -4.8864627}
  m_LocalScale: {x: 0.33333334, y: 0.33333334, z: 0.33333334}
  m_Children:
  - {fileID: 7514399848575831260}
  - {fileID: 5913958796986220340}
  - {fileID: 7776954522028223460}
  - {fileID: 3979991240131949446}
  m_Father: {fileID: 0}
  m_RootOrder: 0
  m_LocalEulerAnglesHint: {x: 0, y: 0, z: 0}
--- !u!1001 &1632978795311070734
PrefabInstance:
  m_ObjectHideFlags: 0
  serializedVersion: 2
  m_Modification:
    m_TransformParent: {fileID: 410138935051488128}
    m_Modifications:
    - target: {fileID: 4952582721351844154, guid: c281f60676d665c438ee1e8a0fe0a52b, type: 3}
      propertyPath: m_LocalPosition.x
      value: -17.193447
      objectReference: {fileID: 0}
    - target: {fileID: 4952582721351844154, guid: c281f60676d665c438ee1e8a0fe0a52b, type: 3}
      propertyPath: m_LocalPosition.y
      value: 3.1426692
      objectReference: {fileID: 0}
    - target: {fileID: 4952582721351844154, guid: c281f60676d665c438ee1e8a0fe0a52b, type: 3}
      propertyPath: m_LocalPosition.z
      value: 19.921389
      objectReference: {fileID: 0}
    - target: {fileID: 4952582721351844154, guid: c281f60676d665c438ee1e8a0fe0a52b, type: 3}
      propertyPath: m_LocalRotation.x
      value: 0.17216294
      objectReference: {fileID: 0}
    - target: {fileID: 4952582721351844154, guid: c281f60676d665c438ee1e8a0fe0a52b, type: 3}
      propertyPath: m_LocalRotation.y
      value: 0.1285432
      objectReference: {fileID: 0}
    - target: {fileID: 4952582721351844154, guid: c281f60676d665c438ee1e8a0fe0a52b, type: 3}
      propertyPath: m_LocalRotation.z
      value: 0.022665681
      objectReference: {fileID: 0}
    - target: {fileID: 4952582721351844154, guid: c281f60676d665c438ee1e8a0fe0a52b, type: 3}
      propertyPath: m_LocalRotation.w
      value: -0.97638255
      objectReference: {fileID: 0}
    - target: {fileID: 4952582721351844154, guid: c281f60676d665c438ee1e8a0fe0a52b, type: 3}
      propertyPath: m_RootOrder
      value: 1
      objectReference: {fileID: 0}
    - target: {fileID: 4952582721351844154, guid: c281f60676d665c438ee1e8a0fe0a52b, type: 3}
      propertyPath: m_LocalEulerAnglesHint.x
      value: 0
      objectReference: {fileID: 0}
    - target: {fileID: 4952582721351844154, guid: c281f60676d665c438ee1e8a0fe0a52b, type: 3}
      propertyPath: m_LocalEulerAnglesHint.y
      value: 0
      objectReference: {fileID: 0}
    - target: {fileID: 4952582721351844154, guid: c281f60676d665c438ee1e8a0fe0a52b, type: 3}
      propertyPath: m_LocalEulerAnglesHint.z
      value: 0
      objectReference: {fileID: 0}
    - target: {fileID: 4952582721351844154, guid: c281f60676d665c438ee1e8a0fe0a52b, type: 3}
      propertyPath: m_LocalScale.x
      value: 1
      objectReference: {fileID: 0}
    - target: {fileID: 4952582721351844154, guid: c281f60676d665c438ee1e8a0fe0a52b, type: 3}
      propertyPath: m_LocalScale.y
      value: 1
      objectReference: {fileID: 0}
    - target: {fileID: 4952582721351844154, guid: c281f60676d665c438ee1e8a0fe0a52b, type: 3}
      propertyPath: m_LocalScale.z
      value: 1
      objectReference: {fileID: 0}
    - target: {fileID: 4952582721352080666, guid: c281f60676d665c438ee1e8a0fe0a52b, type: 3}
      propertyPath: m_Name
      value: Water Leak Light
      objectReference: {fileID: 0}
    m_RemovedComponents: []
  m_SourcePrefab: {fileID: 100100000, guid: c281f60676d665c438ee1e8a0fe0a52b, type: 3}
--- !u!4 &5913958796986220340 stripped
Transform:
  m_CorrespondingSourceObject: {fileID: 4952582721351844154, guid: c281f60676d665c438ee1e8a0fe0a52b, type: 3}
  m_PrefabInstance: {fileID: 1632978795311070734}
  m_PrefabAsset: {fileID: 0}
--- !u!1001 &3411003179422591710
PrefabInstance:
  m_ObjectHideFlags: 0
  serializedVersion: 2
  m_Modification:
    m_TransformParent: {fileID: 410138935051488128}
    m_Modifications:
    - target: {fileID: 4952582721351844144, guid: c281f60676d665c438ee1e8a0fe0a52b, type: 3}
      propertyPath: m_LocalPosition.y
      value: 0
      objectReference: {fileID: 0}
    - target: {fileID: 4952582721351844144, guid: c281f60676d665c438ee1e8a0fe0a52b, type: 3}
      propertyPath: m_LocalPosition.z
      value: 0
      objectReference: {fileID: 0}
    - target: {fileID: 4952582721351844144, guid: c281f60676d665c438ee1e8a0fe0a52b, type: 3}
      propertyPath: m_LocalPosition.x
      value: 0
      objectReference: {fileID: 0}
    - target: {fileID: 4952582721351844144, guid: c281f60676d665c438ee1e8a0fe0a52b, type: 3}
      propertyPath: m_LocalRotation.x
      value: 0
      objectReference: {fileID: 0}
    - target: {fileID: 4952582721351844144, guid: c281f60676d665c438ee1e8a0fe0a52b, type: 3}
      propertyPath: m_LocalRotation.y
      value: 0
      objectReference: {fileID: 0}
    - target: {fileID: 4952582721351844144, guid: c281f60676d665c438ee1e8a0fe0a52b, type: 3}
      propertyPath: m_LocalRotation.z
      value: 0
      objectReference: {fileID: 0}
    - target: {fileID: 4952582721351844144, guid: c281f60676d665c438ee1e8a0fe0a52b, type: 3}
      propertyPath: m_LocalRotation.w
      value: 1
      objectReference: {fileID: 0}
    - target: {fileID: 4952582721351844144, guid: c281f60676d665c438ee1e8a0fe0a52b, type: 3}
      propertyPath: m_LocalEulerAnglesHint.y
      value: 0
      objectReference: {fileID: 0}
    - target: {fileID: 4952582721351844154, guid: c281f60676d665c438ee1e8a0fe0a52b, type: 3}
      propertyPath: m_LocalPosition.x
      value: -0.25364542
      objectReference: {fileID: 0}
    - target: {fileID: 4952582721351844154, guid: c281f60676d665c438ee1e8a0fe0a52b, type: 3}
      propertyPath: m_LocalPosition.y
      value: 3.115669
      objectReference: {fileID: 0}
    - target: {fileID: 4952582721351844154, guid: c281f60676d665c438ee1e8a0fe0a52b, type: 3}
      propertyPath: m_LocalPosition.z
      value: 28.01239
      objectReference: {fileID: 0}
    - target: {fileID: 4952582721351844154, guid: c281f60676d665c438ee1e8a0fe0a52b, type: 3}
      propertyPath: m_LocalRotation.x
      value: 0.18787652
      objectReference: {fileID: 0}
    - target: {fileID: 4952582721351844154, guid: c281f60676d665c438ee1e8a0fe0a52b, type: 3}
      propertyPath: m_LocalRotation.y
      value: 0.10423965
      objectReference: {fileID: 0}
    - target: {fileID: 4952582721351844154, guid: c281f60676d665c438ee1e8a0fe0a52b, type: 3}
      propertyPath: m_LocalRotation.z
      value: 0.15367866
      objectReference: {fileID: 0}
    - target: {fileID: 4952582721351844154, guid: c281f60676d665c438ee1e8a0fe0a52b, type: 3}
      propertyPath: m_LocalRotation.w
      value: -0.96447885
      objectReference: {fileID: 0}
    - target: {fileID: 4952582721351844154, guid: c281f60676d665c438ee1e8a0fe0a52b, type: 3}
      propertyPath: m_RootOrder
      value: 2
      objectReference: {fileID: 0}
    - target: {fileID: 4952582721351844154, guid: c281f60676d665c438ee1e8a0fe0a52b, type: 3}
      propertyPath: m_LocalEulerAnglesHint.x
      value: -23.231
      objectReference: {fileID: 0}
    - target: {fileID: 4952582721351844154, guid: c281f60676d665c438ee1e8a0fe0a52b, type: 3}
      propertyPath: m_LocalEulerAnglesHint.y
      value: -8.973
      objectReference: {fileID: 0}
    - target: {fileID: 4952582721351844154, guid: c281f60676d665c438ee1e8a0fe0a52b, type: 3}
      propertyPath: m_LocalEulerAnglesHint.z
      value: -16.259
      objectReference: {fileID: 0}
    - target: {fileID: 4952582721351844154, guid: c281f60676d665c438ee1e8a0fe0a52b, type: 3}
      propertyPath: m_LocalScale.x
      value: 1
      objectReference: {fileID: 0}
    - target: {fileID: 4952582721351844154, guid: c281f60676d665c438ee1e8a0fe0a52b, type: 3}
      propertyPath: m_LocalScale.y
      value: 1
      objectReference: {fileID: 0}
    - target: {fileID: 4952582721351844154, guid: c281f60676d665c438ee1e8a0fe0a52b, type: 3}
      propertyPath: m_LocalScale.z
      value: 1
      objectReference: {fileID: 0}
    - target: {fileID: 4952582721352080666, guid: c281f60676d665c438ee1e8a0fe0a52b, type: 3}
      propertyPath: m_Name
      value: Water Leak Light (1)
      objectReference: {fileID: 0}
    - target: {fileID: 4952582721366000766, guid: c281f60676d665c438ee1e8a0fe0a52b, type: 3}
      propertyPath: InitialModule.startSpeed.minScalar
      value: 0.05
      objectReference: {fileID: 0}
    - target: {fileID: 4952582721366000766, guid: c281f60676d665c438ee1e8a0fe0a52b, type: 3}
      propertyPath: InitialModule.startSpeed.scalar
      value: 0.5
      objectReference: {fileID: 0}
    m_RemovedComponents: []
  m_SourcePrefab: {fileID: 100100000, guid: c281f60676d665c438ee1e8a0fe0a52b, type: 3}
--- !u!4 &7776954522028223460 stripped
Transform:
  m_CorrespondingSourceObject: {fileID: 4952582721351844154, guid: c281f60676d665c438ee1e8a0fe0a52b, type: 3}
  m_PrefabInstance: {fileID: 3411003179422591710}
  m_PrefabAsset: {fileID: 0}
--- !u!1001 &6384059745706334244
PrefabInstance:
  m_ObjectHideFlags: 0
  serializedVersion: 2
  m_Modification:
    m_TransformParent: {fileID: 410138935051488128}
    m_Modifications:
    - target: {fileID: 3517379868954806488, guid: daa4d00a1b80f4c4c90f7626b72a1620, type: 3}
      propertyPath: m_Name
      value: Small Electric SParkles
      objectReference: {fileID: 0}
    - target: {fileID: 3517379868955170040, guid: daa4d00a1b80f4c4c90f7626b72a1620, type: 3}
      propertyPath: m_LocalPosition.x
      value: -13.203446
      objectReference: {fileID: 0}
    - target: {fileID: 3517379868955170040, guid: daa4d00a1b80f4c4c90f7626b72a1620, type: 3}
      propertyPath: m_LocalPosition.y
      value: 7.0996685
      objectReference: {fileID: 0}
    - target: {fileID: 3517379868955170040, guid: daa4d00a1b80f4c4c90f7626b72a1620, type: 3}
      propertyPath: m_LocalPosition.z
      value: 22.003387
      objectReference: {fileID: 0}
    - target: {fileID: 3517379868955170040, guid: daa4d00a1b80f4c4c90f7626b72a1620, type: 3}
      propertyPath: m_LocalRotation.x
      value: -0
      objectReference: {fileID: 0}
    - target: {fileID: 3517379868955170040, guid: daa4d00a1b80f4c4c90f7626b72a1620, type: 3}
      propertyPath: m_LocalRotation.y
      value: -0
      objectReference: {fileID: 0}
    - target: {fileID: 3517379868955170040, guid: daa4d00a1b80f4c4c90f7626b72a1620, type: 3}
      propertyPath: m_LocalRotation.z
      value: -0
      objectReference: {fileID: 0}
    - target: {fileID: 3517379868955170040, guid: daa4d00a1b80f4c4c90f7626b72a1620, type: 3}
      propertyPath: m_LocalRotation.w
      value: 1
      objectReference: {fileID: 0}
    - target: {fileID: 3517379868955170040, guid: daa4d00a1b80f4c4c90f7626b72a1620, type: 3}
      propertyPath: m_RootOrder
      value: 0
      objectReference: {fileID: 0}
    - target: {fileID: 3517379868955170040, guid: daa4d00a1b80f4c4c90f7626b72a1620, type: 3}
      propertyPath: m_LocalEulerAnglesHint.x
      value: 0
      objectReference: {fileID: 0}
    - target: {fileID: 3517379868955170040, guid: daa4d00a1b80f4c4c90f7626b72a1620, type: 3}
      propertyPath: m_LocalEulerAnglesHint.y
      value: 0
      objectReference: {fileID: 0}
    - target: {fileID: 3517379868955170040, guid: daa4d00a1b80f4c4c90f7626b72a1620, type: 3}
      propertyPath: m_LocalEulerAnglesHint.z
      value: 0
      objectReference: {fileID: 0}
    - target: {fileID: 3517379868955170040, guid: daa4d00a1b80f4c4c90f7626b72a1620, type: 3}
      propertyPath: m_LocalScale.x
      value: 3
      objectReference: {fileID: 0}
    - target: {fileID: 3517379868955170040, guid: daa4d00a1b80f4c4c90f7626b72a1620, type: 3}
      propertyPath: m_LocalScale.y
      value: 3
      objectReference: {fileID: 0}
    - target: {fileID: 3517379868955170040, guid: daa4d00a1b80f4c4c90f7626b72a1620, type: 3}
      propertyPath: m_LocalScale.z
      value: 3
      objectReference: {fileID: 0}
    m_RemovedComponents: []
  m_SourcePrefab: {fileID: 100100000, guid: daa4d00a1b80f4c4c90f7626b72a1620, type: 3}
--- !u!4 &7514399848575831260 stripped
Transform:
  m_CorrespondingSourceObject: {fileID: 3517379868955170040, guid: daa4d00a1b80f4c4c90f7626b72a1620, type: 3}
  m_PrefabInstance: {fileID: 6384059745706334244}
  m_PrefabAsset: {fileID: 0}
--- !u!1001 &9177573179954301180
PrefabInstance:
  m_ObjectHideFlags: 0
  serializedVersion: 2
  m_Modification:
    m_TransformParent: {fileID: 410138935051488128}
    m_Modifications:
    - target: {fileID: 5217014296154684282, guid: 5e8d781f3e70e984ea96a3aa95be9585, type: 3}
      propertyPath: m_LocalPosition.x
      value: -8.790445
      objectReference: {fileID: 0}
    - target: {fileID: 5217014296154684282, guid: 5e8d781f3e70e984ea96a3aa95be9585, type: 3}
      propertyPath: m_LocalPosition.y
      value: 0.9736689
      objectReference: {fileID: 0}
    - target: {fileID: 5217014296154684282, guid: 5e8d781f3e70e984ea96a3aa95be9585, type: 3}
      propertyPath: m_LocalPosition.z
      value: 26.719387
      objectReference: {fileID: 0}
    - target: {fileID: 5217014296154684282, guid: 5e8d781f3e70e984ea96a3aa95be9585, type: 3}
      propertyPath: m_LocalRotation.x
      value: -0
      objectReference: {fileID: 0}
    - target: {fileID: 5217014296154684282, guid: 5e8d781f3e70e984ea96a3aa95be9585, type: 3}
      propertyPath: m_LocalRotation.y
      value: -0
      objectReference: {fileID: 0}
    - target: {fileID: 5217014296154684282, guid: 5e8d781f3e70e984ea96a3aa95be9585, type: 3}
      propertyPath: m_LocalRotation.z
      value: -0.0000000037252899
      objectReference: {fileID: 0}
    - target: {fileID: 5217014296154684282, guid: 5e8d781f3e70e984ea96a3aa95be9585, type: 3}
      propertyPath: m_LocalRotation.w
      value: 1
      objectReference: {fileID: 0}
    - target: {fileID: 5217014296154684282, guid: 5e8d781f3e70e984ea96a3aa95be9585, type: 3}
      propertyPath: m_RootOrder
      value: 3
      objectReference: {fileID: 0}
    - target: {fileID: 5217014296154684282, guid: 5e8d781f3e70e984ea96a3aa95be9585, type: 3}
      propertyPath: m_LocalEulerAnglesHint.x
      value: 0
      objectReference: {fileID: 0}
    - target: {fileID: 5217014296154684282, guid: 5e8d781f3e70e984ea96a3aa95be9585, type: 3}
      propertyPath: m_LocalEulerAnglesHint.y
      value: 0
      objectReference: {fileID: 0}
    - target: {fileID: 5217014296154684282, guid: 5e8d781f3e70e984ea96a3aa95be9585, type: 3}
      propertyPath: m_LocalEulerAnglesHint.z
      value: 0
      objectReference: {fileID: 0}
    - target: {fileID: 5217014296154684282, guid: 5e8d781f3e70e984ea96a3aa95be9585, type: 3}
      propertyPath: m_LocalScale.x
      value: 1.5
      objectReference: {fileID: 0}
    - target: {fileID: 5217014296154684282, guid: 5e8d781f3e70e984ea96a3aa95be9585, type: 3}
      propertyPath: m_LocalScale.y
      value: 1.4999999
      objectReference: {fileID: 0}
    - target: {fileID: 5217014296154684282, guid: 5e8d781f3e70e984ea96a3aa95be9585, type: 3}
      propertyPath: m_LocalScale.z
      value: 2.1
      objectReference: {fileID: 0}
    - target: {fileID: 6559652480429516287, guid: 5e8d781f3e70e984ea96a3aa95be9585, type: 3}
      propertyPath: m_Name
      value: Dust System 6x9
      objectReference: {fileID: 0}
    m_RemovedComponents: []
  m_SourcePrefab: {fileID: 100100000, guid: 5e8d781f3e70e984ea96a3aa95be9585, type: 3}
--- !u!4 &3979991240131949446 stripped
Transform:
  m_CorrespondingSourceObject: {fileID: 5217014296154684282, guid: 5e8d781f3e70e984ea96a3aa95be9585, type: 3}
  m_PrefabInstance: {fileID: 9177573179954301180}
  m_PrefabAsset: {fileID: 0}
