%YAML 1.1
%TAG !u! tag:unity3d.com,2011:
--- !u!1 &7381006700805120003
GameObject:
  m_ObjectHideFlags: 0
  m_CorrespondingSourceObject: {fileID: 0}
  m_PrefabInstance: {fileID: 0}
  m_PrefabAsset: {fileID: 0}
  serializedVersion: 6
  m_Component:
  - component: {fileID: 7026265354664351041}
  m_Layer: 0
  m_Name: 'BedRoom_Ver_1_8x4 '
  m_TagString: Untagged
  m_Icon: {fileID: 0}
  m_NavMeshLayer: 0
  m_StaticEditorFlags: 0
  m_IsActive: 1
--- !u!4 &7026265354664351041
Transform:
  m_ObjectHideFlags: 0
  m_CorrespondingSourceObject: {fileID: 0}
  m_PrefabInstance: {fileID: 0}
  m_PrefabAsset: {fileID: 0}
  m_GameObject: {fileID: 7381006700805120003}
  m_LocalRotation: {x: -0, y: -0, z: -0, w: 1}
  m_LocalPosition: {x: -7.549697, y: -1.0594953, z: 4.379904}
  m_LocalScale: {x: 0.33333334, y: 0.33333334, z: 0.33333334}
  m_Children:
  - {fileID: 1401204287692516059}
  - {fileID: 297206460755312774}
  - {fileID: 5057837276676013362}
  m_Father: {fileID: 0}
  m_RootOrder: 0
  m_LocalEulerAnglesHint: {x: 0, y: 0, z: 0}
--- !u!1001 &2343212539951815373
PrefabInstance:
  m_ObjectHideFlags: 0
  serializedVersion: 2
  m_Modification:
    m_TransformParent: {fileID: 7026265354664351041}
    m_Modifications:
    - target: {fileID: 6014051684201384211, guid: 96b5d9c7487d37044ad53716be03a66b, type: 3}
      propertyPath: m_Name
      value: Electric plugs
      objectReference: {fileID: 0}
    - target: {fileID: 7401049536381134847, guid: 96b5d9c7487d37044ad53716be03a66b, type: 3}
      propertyPath: m_LocalPosition.x
      value: 32.84427
      objectReference: {fileID: 0}
    - target: {fileID: 7401049536381134847, guid: 96b5d9c7487d37044ad53716be03a66b, type: 3}
      propertyPath: m_LocalPosition.y
      value: 3.322486
      objectReference: {fileID: 0}
    - target: {fileID: 7401049536381134847, guid: 96b5d9c7487d37044ad53716be03a66b, type: 3}
      propertyPath: m_LocalPosition.z
      value: -3.1827114
      objectReference: {fileID: 0}
    - target: {fileID: 7401049536381134847, guid: 96b5d9c7487d37044ad53716be03a66b, type: 3}
      propertyPath: m_LocalRotation.x
      value: -0
      objectReference: {fileID: 0}
    - target: {fileID: 7401049536381134847, guid: 96b5d9c7487d37044ad53716be03a66b, type: 3}
      propertyPath: m_LocalRotation.y
      value: -0
      objectReference: {fileID: 0}
    - target: {fileID: 7401049536381134847, guid: 96b5d9c7487d37044ad53716be03a66b, type: 3}
      propertyPath: m_LocalRotation.z
      value: -0
      objectReference: {fileID: 0}
    - target: {fileID: 7401049536381134847, guid: 96b5d9c7487d37044ad53716be03a66b, type: 3}
      propertyPath: m_LocalRotation.w
      value: 1
      objectReference: {fileID: 0}
    - target: {fileID: 7401049536381134847, guid: 96b5d9c7487d37044ad53716be03a66b, type: 3}
      propertyPath: m_RootOrder
      value: 2
      objectReference: {fileID: 0}
    - target: {fileID: 7401049536381134847, guid: 96b5d9c7487d37044ad53716be03a66b, type: 3}
      propertyPath: m_LocalEulerAnglesHint.x
      value: 0
      objectReference: {fileID: 0}
    - target: {fileID: 7401049536381134847, guid: 96b5d9c7487d37044ad53716be03a66b, type: 3}
      propertyPath: m_LocalEulerAnglesHint.y
      value: 0
      objectReference: {fileID: 0}
    - target: {fileID: 7401049536381134847, guid: 96b5d9c7487d37044ad53716be03a66b, type: 3}
      propertyPath: m_LocalEulerAnglesHint.z
      value: 0
      objectReference: {fileID: 0}
    - target: {fileID: 7401049536381134847, guid: 96b5d9c7487d37044ad53716be03a66b, type: 3}
      propertyPath: m_LocalScale.x
      value: 1
      objectReference: {fileID: 0}
    - target: {fileID: 7401049536381134847, guid: 96b5d9c7487d37044ad53716be03a66b, type: 3}
      propertyPath: m_LocalScale.y
      value: 1
      objectReference: {fileID: 0}
    - target: {fileID: 7401049536381134847, guid: 96b5d9c7487d37044ad53716be03a66b, type: 3}
      propertyPath: m_LocalScale.z
      value: 1
      objectReference: {fileID: 0}
    m_RemovedComponents: []
  m_SourcePrefab: {fileID: 100100000, guid: 96b5d9c7487d37044ad53716be03a66b, type: 3}
--- !u!4 &5057837276676013362 stripped
Transform:
  m_CorrespondingSourceObject: {fileID: 7401049536381134847, guid: 96b5d9c7487d37044ad53716be03a66b, type: 3}
  m_PrefabInstance: {fileID: 2343212539951815373}
  m_PrefabAsset: {fileID: 0}
--- !u!1001 &3805504204348019838
PrefabInstance:
  m_ObjectHideFlags: 0
  serializedVersion: 2
  m_Modification:
    m_TransformParent: {fileID: 7026265354664351041}
    m_Modifications:
    - target: {fileID: 3517379868954806488, guid: daa4d00a1b80f4c4c90f7626b72a1620, type: 3}
      propertyPath: m_Name
      value: Small Electric SParkles
      objectReference: {fileID: 0}
    - target: {fileID: 3517379868955170040, guid: daa4d00a1b80f4c4c90f7626b72a1620, type: 3}
      propertyPath: m_LocalPosition.x
      value: 28.32299
      objectReference: {fileID: 0}
    - target: {fileID: 3517379868955170040, guid: daa4d00a1b80f4c4c90f7626b72a1620, type: 3}
      propertyPath: m_LocalPosition.y
      value: 6.6878858
      objectReference: {fileID: 0}
    - target: {fileID: 3517379868955170040, guid: daa4d00a1b80f4c4c90f7626b72a1620, type: 3}
      propertyPath: m_LocalPosition.z
      value: -8.64031
      objectReference: {fileID: 0}
    - target: {fileID: 3517379868955170040, guid: daa4d00a1b80f4c4c90f7626b72a1620, type: 3}
      propertyPath: m_LocalRotation.x
      value: -0
      objectReference: {fileID: 0}
    - target: {fileID: 3517379868955170040, guid: daa4d00a1b80f4c4c90f7626b72a1620, type: 3}
      propertyPath: m_LocalRotation.y
      value: -0
      objectReference: {fileID: 0}
    - target: {fileID: 3517379868955170040, guid: daa4d00a1b80f4c4c90f7626b72a1620, type: 3}
      propertyPath: m_LocalRotation.z
      value: -0
      objectReference: {fileID: 0}
    - target: {fileID: 3517379868955170040, guid: daa4d00a1b80f4c4c90f7626b72a1620, type: 3}
      propertyPath: m_LocalRotation.w
      value: 1
      objectReference: {fileID: 0}
    - target: {fileID: 3517379868955170040, guid: daa4d00a1b80f4c4c90f7626b72a1620, type: 3}
      propertyPath: m_RootOrder
      value: 1
      objectReference: {fileID: 0}
    - target: {fileID: 3517379868955170040, guid: daa4d00a1b80f4c4c90f7626b72a1620, type: 3}
      propertyPath: m_LocalEulerAnglesHint.x
      value: 0
      objectReference: {fileID: 0}
    - target: {fileID: 3517379868955170040, guid: daa4d00a1b80f4c4c90f7626b72a1620, type: 3}
      propertyPath: m_LocalEulerAnglesHint.y
      value: 0
      objectReference: {fileID: 0}
    - target: {fileID: 3517379868955170040, guid: daa4d00a1b80f4c4c90f7626b72a1620, type: 3}
      propertyPath: m_LocalEulerAnglesHint.z
      value: 0
      objectReference: {fileID: 0}
    - target: {fileID: 3517379868955170040, guid: daa4d00a1b80f4c4c90f7626b72a1620, type: 3}
      propertyPath: m_LocalScale.x
      value: 1
      objectReference: {fileID: 0}
    - target: {fileID: 3517379868955170040, guid: daa4d00a1b80f4c4c90f7626b72a1620, type: 3}
      propertyPath: m_LocalScale.y
      value: 1
      objectReference: {fileID: 0}
    - target: {fileID: 3517379868955170040, guid: daa4d00a1b80f4c4c90f7626b72a1620, type: 3}
      propertyPath: m_LocalScale.z
      value: 1
      objectReference: {fileID: 0}
    m_RemovedComponents: []
  m_SourcePrefab: {fileID: 100100000, guid: daa4d00a1b80f4c4c90f7626b72a1620, type: 3}
--- !u!4 &297206460755312774 stripped
Transform:
  m_CorrespondingSourceObject: {fileID: 3517379868955170040, guid: daa4d00a1b80f4c4c90f7626b72a1620, type: 3}
  m_PrefabInstance: {fileID: 3805504204348019838}
  m_PrefabAsset: {fileID: 0}
--- !u!1001 &6563043441092432289
PrefabInstance:
  m_ObjectHideFlags: 0
  serializedVersion: 2
  m_Modification:
    m_TransformParent: {fileID: 7026265354664351041}
    m_Modifications:
    - target: {fileID: 5217014296154684282, guid: 5e8d781f3e70e984ea96a3aa95be9585, type: 3}
      propertyPath: m_LocalPosition.x
      value: 34.01909
      objectReference: {fileID: 0}
    - target: {fileID: 5217014296154684282, guid: 5e8d781f3e70e984ea96a3aa95be9585, type: 3}
      propertyPath: m_LocalPosition.y
      value: 5.4518604
      objectReference: {fileID: 0}
    - target: {fileID: 5217014296154684282, guid: 5e8d781f3e70e984ea96a3aa95be9585, type: 3}
      propertyPath: m_LocalPosition.z
      value: -8.549711
      objectReference: {fileID: 0}
    - target: {fileID: 5217014296154684282, guid: 5e8d781f3e70e984ea96a3aa95be9585, type: 3}
      propertyPath: m_LocalRotation.x
      value: -0
      objectReference: {fileID: 0}
    - target: {fileID: 5217014296154684282, guid: 5e8d781f3e70e984ea96a3aa95be9585, type: 3}
      propertyPath: m_LocalRotation.y
      value: -0
      objectReference: {fileID: 0}
    - target: {fileID: 5217014296154684282, guid: 5e8d781f3e70e984ea96a3aa95be9585, type: 3}
      propertyPath: m_LocalRotation.z
      value: -0.0000000037252899
      objectReference: {fileID: 0}
    - target: {fileID: 5217014296154684282, guid: 5e8d781f3e70e984ea96a3aa95be9585, type: 3}
      propertyPath: m_LocalRotation.w
      value: 1
      objectReference: {fileID: 0}
    - target: {fileID: 5217014296154684282, guid: 5e8d781f3e70e984ea96a3aa95be9585, type: 3}
      propertyPath: m_RootOrder
      value: 0
      objectReference: {fileID: 0}
    - target: {fileID: 5217014296154684282, guid: 5e8d781f3e70e984ea96a3aa95be9585, type: 3}
      propertyPath: m_LocalEulerAnglesHint.x
      value: 0
      objectReference: {fileID: 0}
    - target: {fileID: 5217014296154684282, guid: 5e8d781f3e70e984ea96a3aa95be9585, type: 3}
      propertyPath: m_LocalEulerAnglesHint.y
      value: 0
      objectReference: {fileID: 0}
    - target: {fileID: 5217014296154684282, guid: 5e8d781f3e70e984ea96a3aa95be9585, type: 3}
      propertyPath: m_LocalEulerAnglesHint.z
      value: 0
      objectReference: {fileID: 0}
    - target: {fileID: 5217014296154684282, guid: 5e8d781f3e70e984ea96a3aa95be9585, type: 3}
      propertyPath: m_LocalScale.x
      value: 1.9499999
      objectReference: {fileID: 0}
    - target: {fileID: 5217014296154684282, guid: 5e8d781f3e70e984ea96a3aa95be9585, type: 3}
      propertyPath: m_LocalScale.y
      value: 0.9628999
      objectReference: {fileID: 0}
    - target: {fileID: 5217014296154684282, guid: 5e8d781f3e70e984ea96a3aa95be9585, type: 3}
      propertyPath: m_LocalScale.z
      value: 1.05
      objectReference: {fileID: 0}
    - target: {fileID: 6559652480429516287, guid: 5e8d781f3e70e984ea96a3aa95be9585, type: 3}
      propertyPath: m_Name
      value: Dust System 6x9
      objectReference: {fileID: 0}
    m_RemovedComponents: []
  m_SourcePrefab: {fileID: 100100000, guid: 5e8d781f3e70e984ea96a3aa95be9585, type: 3}
--- !u!4 &1401204287692516059 stripped
Transform:
  m_CorrespondingSourceObject: {fileID: 5217014296154684282, guid: 5e8d781f3e70e984ea96a3aa95be9585, type: 3}
  m_PrefabInstance: {fileID: 6563043441092432289}
  m_PrefabAsset: {fileID: 0}
