%YAML 1.1
%TAG !u! tag:unity3d.com,2011:
--- !u!1 &898647756318569477
GameObject:
  m_ObjectHideFlags: 0
  m_CorrespondingSourceObject: {fileID: 0}
  m_PrefabInstance: {fileID: 0}
  m_PrefabAsset: {fileID: 0}
  serializedVersion: 6
  m_Component:
  - component: {fileID: 9106621383949184439}
  m_Layer: 0
  m_Name: BedRoom_Ver_4_8x4
  m_TagString: Untagged
  m_Icon: {fileID: 0}
  m_NavMeshLayer: 0
  m_StaticEditorFlags: 0
  m_IsActive: 1
--- !u!4 &9106621383949184439
Transform:
  m_ObjectHideFlags: 0
  m_CorrespondingSourceObject: {fileID: 0}
  m_PrefabInstance: {fileID: 0}
  m_PrefabAsset: {fileID: 0}
  m_GameObject: {fileID: 898647756318569477}
  m_LocalRotation: {x: -0, y: -0, z: -0, w: 1}
  m_LocalPosition: {x: 13.666614, y: -1.7550309, z: -2.2198958}
  m_LocalScale: {x: 0.33333334, y: 0.33333334, z: 0.33333334}
  m_Children:
  - {fileID: 8263371674958572826}
  - {fileID: 3681790239763523592}
  - {fileID: 2385477038447961620}
  - {fileID: 1195527547604894069}
  - {fileID: 7877151549682653408}
  m_Father: {fileID: 0}
  m_RootOrder: 0
  m_LocalEulerAnglesHint: {x: 0, y: 0, z: 0}
--- !u!1001 &66618756793534543
PrefabInstance:
  m_ObjectHideFlags: 0
  serializedVersion: 2
  m_Modification:
    m_TransformParent: {fileID: 9106621383949184439}
    m_Modifications:
    - target: {fileID: 17649041492225959, guid: 443e4c76306551745b28cb93a4ad0418, type: 3}
      propertyPath: ShapeModule.radius.value
      value: 11.93
      objectReference: {fileID: 0}
    - target: {fileID: 7003051621153078224, guid: 443e4c76306551745b28cb93a4ad0418, type: 3}
      propertyPath: m_Name
      value: Dust System 10x9
      objectReference: {fileID: 0}
    - target: {fileID: 8233083325034571093, guid: 443e4c76306551745b28cb93a4ad0418, type: 3}
      propertyPath: m_LocalPosition.x
      value: -29.83984
      objectReference: {fileID: 0}
    - target: {fileID: 8233083325034571093, guid: 443e4c76306551745b28cb93a4ad0418, type: 3}
      propertyPath: m_LocalPosition.y
      value: 7.6050925
      objectReference: {fileID: 0}
    - target: {fileID: 8233083325034571093, guid: 443e4c76306551745b28cb93a4ad0418, type: 3}
      propertyPath: m_LocalPosition.z
      value: 11.369688
      objectReference: {fileID: 0}
    - target: {fileID: 8233083325034571093, guid: 443e4c76306551745b28cb93a4ad0418, type: 3}
      propertyPath: m_LocalRotation.x
      value: -0
      objectReference: {fileID: 0}
    - target: {fileID: 8233083325034571093, guid: 443e4c76306551745b28cb93a4ad0418, type: 3}
      propertyPath: m_LocalRotation.y
      value: -0
      objectReference: {fileID: 0}
    - target: {fileID: 8233083325034571093, guid: 443e4c76306551745b28cb93a4ad0418, type: 3}
      propertyPath: m_LocalRotation.z
      value: -0
      objectReference: {fileID: 0}
    - target: {fileID: 8233083325034571093, guid: 443e4c76306551745b28cb93a4ad0418, type: 3}
      propertyPath: m_LocalRotation.w
      value: 1
      objectReference: {fileID: 0}
    - target: {fileID: 8233083325034571093, guid: 443e4c76306551745b28cb93a4ad0418, type: 3}
      propertyPath: m_RootOrder
      value: 0
      objectReference: {fileID: 0}
    - target: {fileID: 8233083325034571093, guid: 443e4c76306551745b28cb93a4ad0418, type: 3}
      propertyPath: m_LocalEulerAnglesHint.x
      value: 0
      objectReference: {fileID: 0}
    - target: {fileID: 8233083325034571093, guid: 443e4c76306551745b28cb93a4ad0418, type: 3}
      propertyPath: m_LocalEulerAnglesHint.y
      value: 0
      objectReference: {fileID: 0}
    - target: {fileID: 8233083325034571093, guid: 443e4c76306551745b28cb93a4ad0418, type: 3}
      propertyPath: m_LocalEulerAnglesHint.z
      value: 0
      objectReference: {fileID: 0}
    - target: {fileID: 8233083325034571093, guid: 443e4c76306551745b28cb93a4ad0418, type: 3}
      propertyPath: m_LocalScale.x
      value: 3
      objectReference: {fileID: 0}
    - target: {fileID: 8233083325034571093, guid: 443e4c76306551745b28cb93a4ad0418, type: 3}
      propertyPath: m_LocalScale.y
      value: 1.2
      objectReference: {fileID: 0}
    - target: {fileID: 8233083325034571093, guid: 443e4c76306551745b28cb93a4ad0418, type: 3}
      propertyPath: m_LocalScale.z
      value: 1.4399999
      objectReference: {fileID: 0}
    m_RemovedComponents: []
  m_SourcePrefab: {fileID: 100100000, guid: 443e4c76306551745b28cb93a4ad0418, type: 3}
--- !u!4 &8263371674958572826 stripped
Transform:
  m_CorrespondingSourceObject: {fileID: 8233083325034571093, guid: 443e4c76306551745b28cb93a4ad0418, type: 3}
  m_PrefabInstance: {fileID: 66618756793534543}
  m_PrefabAsset: {fileID: 0}
--- !u!1001 &856964646535544607
PrefabInstance:
  m_ObjectHideFlags: 0
  serializedVersion: 2
  m_Modification:
    m_TransformParent: {fileID: 9106621383949184439}
    m_Modifications:
    - target: {fileID: 6014051684201384211, guid: 96b5d9c7487d37044ad53716be03a66b, type: 3}
      propertyPath: m_Name
      value: Electric plugs (1)
      objectReference: {fileID: 0}
    - target: {fileID: 7401049536381134847, guid: 96b5d9c7487d37044ad53716be03a66b, type: 3}
      propertyPath: m_LocalPosition.x
      value: -34.949142
      objectReference: {fileID: 0}
    - target: {fileID: 7401049536381134847, guid: 96b5d9c7487d37044ad53716be03a66b, type: 3}
      propertyPath: m_LocalPosition.y
      value: 5.415568
      objectReference: {fileID: 0}
    - target: {fileID: 7401049536381134847, guid: 96b5d9c7487d37044ad53716be03a66b, type: 3}
      propertyPath: m_LocalPosition.z
      value: 5.7017875
      objectReference: {fileID: 0}
    - target: {fileID: 7401049536381134847, guid: 96b5d9c7487d37044ad53716be03a66b, type: 3}
      propertyPath: m_LocalRotation.x
      value: -0
      objectReference: {fileID: 0}
    - target: {fileID: 7401049536381134847, guid: 96b5d9c7487d37044ad53716be03a66b, type: 3}
      propertyPath: m_LocalRotation.y
      value: -0
      objectReference: {fileID: 0}
    - target: {fileID: 7401049536381134847, guid: 96b5d9c7487d37044ad53716be03a66b, type: 3}
      propertyPath: m_LocalRotation.z
      value: -0
      objectReference: {fileID: 0}
    - target: {fileID: 7401049536381134847, guid: 96b5d9c7487d37044ad53716be03a66b, type: 3}
      propertyPath: m_LocalRotation.w
      value: 1
      objectReference: {fileID: 0}
    - target: {fileID: 7401049536381134847, guid: 96b5d9c7487d37044ad53716be03a66b, type: 3}
      propertyPath: m_RootOrder
      value: 4
      objectReference: {fileID: 0}
    - target: {fileID: 7401049536381134847, guid: 96b5d9c7487d37044ad53716be03a66b, type: 3}
      propertyPath: m_LocalEulerAnglesHint.x
      value: 0
      objectReference: {fileID: 0}
    - target: {fileID: 7401049536381134847, guid: 96b5d9c7487d37044ad53716be03a66b, type: 3}
      propertyPath: m_LocalEulerAnglesHint.y
      value: 0
      objectReference: {fileID: 0}
    - target: {fileID: 7401049536381134847, guid: 96b5d9c7487d37044ad53716be03a66b, type: 3}
      propertyPath: m_LocalEulerAnglesHint.z
      value: 0
      objectReference: {fileID: 0}
    - target: {fileID: 7401049536381134847, guid: 96b5d9c7487d37044ad53716be03a66b, type: 3}
      propertyPath: m_LocalScale.x
      value: 1
      objectReference: {fileID: 0}
    - target: {fileID: 7401049536381134847, guid: 96b5d9c7487d37044ad53716be03a66b, type: 3}
      propertyPath: m_LocalScale.y
      value: 1
      objectReference: {fileID: 0}
    - target: {fileID: 7401049536381134847, guid: 96b5d9c7487d37044ad53716be03a66b, type: 3}
      propertyPath: m_LocalScale.z
      value: 1
      objectReference: {fileID: 0}
    m_RemovedComponents: []
  m_SourcePrefab: {fileID: 100100000, guid: 96b5d9c7487d37044ad53716be03a66b, type: 3}
--- !u!4 &7877151549682653408 stripped
Transform:
  m_CorrespondingSourceObject: {fileID: 7401049536381134847, guid: 96b5d9c7487d37044ad53716be03a66b, type: 3}
  m_PrefabInstance: {fileID: 856964646535544607}
  m_PrefabAsset: {fileID: 0}
--- !u!1001 &6065300067454353487
PrefabInstance:
  m_ObjectHideFlags: 0
  serializedVersion: 2
  m_Modification:
    m_TransformParent: {fileID: 9106621383949184439}
    m_Modifications:
    - target: {fileID: 4952582721351844154, guid: c281f60676d665c438ee1e8a0fe0a52b, type: 3}
      propertyPath: m_LocalPosition.x
      value: -38.61627
      objectReference: {fileID: 0}
    - target: {fileID: 4952582721351844154, guid: c281f60676d665c438ee1e8a0fe0a52b, type: 3}
      propertyPath: m_LocalPosition.y
      value: 9.261093
      objectReference: {fileID: 0}
    - target: {fileID: 4952582721351844154, guid: c281f60676d665c438ee1e8a0fe0a52b, type: 3}
      propertyPath: m_LocalPosition.z
      value: 8.557298
      objectReference: {fileID: 0}
    - target: {fileID: 4952582721351844154, guid: c281f60676d665c438ee1e8a0fe0a52b, type: 3}
      propertyPath: m_LocalRotation.x
      value: 0.17216294
      objectReference: {fileID: 0}
    - target: {fileID: 4952582721351844154, guid: c281f60676d665c438ee1e8a0fe0a52b, type: 3}
      propertyPath: m_LocalRotation.y
      value: 0.1285432
      objectReference: {fileID: 0}
    - target: {fileID: 4952582721351844154, guid: c281f60676d665c438ee1e8a0fe0a52b, type: 3}
      propertyPath: m_LocalRotation.z
      value: 0.022665681
      objectReference: {fileID: 0}
    - target: {fileID: 4952582721351844154, guid: c281f60676d665c438ee1e8a0fe0a52b, type: 3}
      propertyPath: m_LocalRotation.w
      value: -0.97638255
      objectReference: {fileID: 0}
    - target: {fileID: 4952582721351844154, guid: c281f60676d665c438ee1e8a0fe0a52b, type: 3}
      propertyPath: m_RootOrder
      value: 3
      objectReference: {fileID: 0}
    - target: {fileID: 4952582721351844154, guid: c281f60676d665c438ee1e8a0fe0a52b, type: 3}
      propertyPath: m_LocalEulerAnglesHint.x
      value: 0
      objectReference: {fileID: 0}
    - target: {fileID: 4952582721351844154, guid: c281f60676d665c438ee1e8a0fe0a52b, type: 3}
      propertyPath: m_LocalEulerAnglesHint.y
      value: 0
      objectReference: {fileID: 0}
    - target: {fileID: 4952582721351844154, guid: c281f60676d665c438ee1e8a0fe0a52b, type: 3}
      propertyPath: m_LocalEulerAnglesHint.z
      value: 0
      objectReference: {fileID: 0}
    - target: {fileID: 4952582721351844154, guid: c281f60676d665c438ee1e8a0fe0a52b, type: 3}
      propertyPath: m_LocalScale.x
      value: 0.33333334
      objectReference: {fileID: 0}
    - target: {fileID: 4952582721351844154, guid: c281f60676d665c438ee1e8a0fe0a52b, type: 3}
      propertyPath: m_LocalScale.y
      value: 0.33333346
      objectReference: {fileID: 0}
    - target: {fileID: 4952582721351844154, guid: c281f60676d665c438ee1e8a0fe0a52b, type: 3}
      propertyPath: m_LocalScale.z
      value: 0.33333334
      objectReference: {fileID: 0}
    - target: {fileID: 4952582721352080666, guid: c281f60676d665c438ee1e8a0fe0a52b, type: 3}
      propertyPath: m_Name
      value: Water Leak Light (1)
      objectReference: {fileID: 0}
    m_RemovedComponents: []
  m_SourcePrefab: {fileID: 100100000, guid: c281f60676d665c438ee1e8a0fe0a52b, type: 3}
--- !u!4 &1195527547604894069 stripped
Transform:
  m_CorrespondingSourceObject: {fileID: 4952582721351844154, guid: c281f60676d665c438ee1e8a0fe0a52b, type: 3}
  m_PrefabInstance: {fileID: 6065300067454353487}
  m_PrefabAsset: {fileID: 0}
--- !u!1001 &6173757652918325239
PrefabInstance:
  m_ObjectHideFlags: 0
  serializedVersion: 2
  m_Modification:
    m_TransformParent: {fileID: 9106621383949184439}
    m_Modifications:
    - target: {fileID: 6014051684201384211, guid: 96b5d9c7487d37044ad53716be03a66b, type: 3}
      propertyPath: m_Name
      value: Electric plugs
      objectReference: {fileID: 0}
    - target: {fileID: 7401049536381134847, guid: 96b5d9c7487d37044ad53716be03a66b, type: 3}
      propertyPath: m_LocalPosition.x
      value: -27.045639
      objectReference: {fileID: 0}
    - target: {fileID: 7401049536381134847, guid: 96b5d9c7487d37044ad53716be03a66b, type: 3}
      propertyPath: m_LocalPosition.y
      value: 5.388396
      objectReference: {fileID: 0}
    - target: {fileID: 7401049536381134847, guid: 96b5d9c7487d37044ad53716be03a66b, type: 3}
      propertyPath: m_LocalPosition.z
      value: 16.614288
      objectReference: {fileID: 0}
    - target: {fileID: 7401049536381134847, guid: 96b5d9c7487d37044ad53716be03a66b, type: 3}
      propertyPath: m_LocalRotation.x
      value: -0
      objectReference: {fileID: 0}
    - target: {fileID: 7401049536381134847, guid: 96b5d9c7487d37044ad53716be03a66b, type: 3}
      propertyPath: m_LocalRotation.y
      value: -0
      objectReference: {fileID: 0}
    - target: {fileID: 7401049536381134847, guid: 96b5d9c7487d37044ad53716be03a66b, type: 3}
      propertyPath: m_LocalRotation.z
      value: -0
      objectReference: {fileID: 0}
    - target: {fileID: 7401049536381134847, guid: 96b5d9c7487d37044ad53716be03a66b, type: 3}
      propertyPath: m_LocalRotation.w
      value: 1
      objectReference: {fileID: 0}
    - target: {fileID: 7401049536381134847, guid: 96b5d9c7487d37044ad53716be03a66b, type: 3}
      propertyPath: m_RootOrder
      value: 1
      objectReference: {fileID: 0}
    - target: {fileID: 7401049536381134847, guid: 96b5d9c7487d37044ad53716be03a66b, type: 3}
      propertyPath: m_LocalEulerAnglesHint.x
      value: 0
      objectReference: {fileID: 0}
    - target: {fileID: 7401049536381134847, guid: 96b5d9c7487d37044ad53716be03a66b, type: 3}
      propertyPath: m_LocalEulerAnglesHint.y
      value: 0
      objectReference: {fileID: 0}
    - target: {fileID: 7401049536381134847, guid: 96b5d9c7487d37044ad53716be03a66b, type: 3}
      propertyPath: m_LocalEulerAnglesHint.z
      value: 0
      objectReference: {fileID: 0}
    - target: {fileID: 7401049536381134847, guid: 96b5d9c7487d37044ad53716be03a66b, type: 3}
      propertyPath: m_LocalScale.x
      value: 1
      objectReference: {fileID: 0}
    - target: {fileID: 7401049536381134847, guid: 96b5d9c7487d37044ad53716be03a66b, type: 3}
      propertyPath: m_LocalScale.y
      value: 1
      objectReference: {fileID: 0}
    - target: {fileID: 7401049536381134847, guid: 96b5d9c7487d37044ad53716be03a66b, type: 3}
      propertyPath: m_LocalScale.z
      value: 1
      objectReference: {fileID: 0}
    m_RemovedComponents: []
  m_SourcePrefab: {fileID: 100100000, guid: 96b5d9c7487d37044ad53716be03a66b, type: 3}
--- !u!4 &3681790239763523592 stripped
Transform:
  m_CorrespondingSourceObject: {fileID: 7401049536381134847, guid: 96b5d9c7487d37044ad53716be03a66b, type: 3}
  m_PrefabInstance: {fileID: 6173757652918325239}
  m_PrefabAsset: {fileID: 0}
--- !u!1001 &7323399470884890414
PrefabInstance:
  m_ObjectHideFlags: 0
  serializedVersion: 2
  m_Modification:
    m_TransformParent: {fileID: 9106621383949184439}
    m_Modifications:
    - target: {fileID: 4952582721351844154, guid: c281f60676d665c438ee1e8a0fe0a52b, type: 3}
      propertyPath: m_LocalPosition.x
      value: -35.835705
      objectReference: {fileID: 0}
    - target: {fileID: 4952582721351844154, guid: c281f60676d665c438ee1e8a0fe0a52b, type: 3}
      propertyPath: m_LocalPosition.y
      value: 9.846092
      objectReference: {fileID: 0}
    - target: {fileID: 4952582721351844154, guid: c281f60676d665c438ee1e8a0fe0a52b, type: 3}
      propertyPath: m_LocalPosition.z
      value: 7.409647
      objectReference: {fileID: 0}
    - target: {fileID: 4952582721351844154, guid: c281f60676d665c438ee1e8a0fe0a52b, type: 3}
      propertyPath: m_LocalRotation.x
      value: 0.17216294
      objectReference: {fileID: 0}
    - target: {fileID: 4952582721351844154, guid: c281f60676d665c438ee1e8a0fe0a52b, type: 3}
      propertyPath: m_LocalRotation.y
      value: 0.1285432
      objectReference: {fileID: 0}
    - target: {fileID: 4952582721351844154, guid: c281f60676d665c438ee1e8a0fe0a52b, type: 3}
      propertyPath: m_LocalRotation.z
      value: 0.022665681
      objectReference: {fileID: 0}
    - target: {fileID: 4952582721351844154, guid: c281f60676d665c438ee1e8a0fe0a52b, type: 3}
      propertyPath: m_LocalRotation.w
      value: -0.97638255
      objectReference: {fileID: 0}
    - target: {fileID: 4952582721351844154, guid: c281f60676d665c438ee1e8a0fe0a52b, type: 3}
      propertyPath: m_RootOrder
      value: 2
      objectReference: {fileID: 0}
    - target: {fileID: 4952582721351844154, guid: c281f60676d665c438ee1e8a0fe0a52b, type: 3}
      propertyPath: m_LocalEulerAnglesHint.x
      value: 0
      objectReference: {fileID: 0}
    - target: {fileID: 4952582721351844154, guid: c281f60676d665c438ee1e8a0fe0a52b, type: 3}
      propertyPath: m_LocalEulerAnglesHint.y
      value: 0
      objectReference: {fileID: 0}
    - target: {fileID: 4952582721351844154, guid: c281f60676d665c438ee1e8a0fe0a52b, type: 3}
      propertyPath: m_LocalEulerAnglesHint.z
      value: 0
      objectReference: {fileID: 0}
    - target: {fileID: 4952582721351844154, guid: c281f60676d665c438ee1e8a0fe0a52b, type: 3}
      propertyPath: m_LocalScale.x
      value: 0.33333334
      objectReference: {fileID: 0}
    - target: {fileID: 4952582721351844154, guid: c281f60676d665c438ee1e8a0fe0a52b, type: 3}
      propertyPath: m_LocalScale.y
      value: 0.33333346
      objectReference: {fileID: 0}
    - target: {fileID: 4952582721351844154, guid: c281f60676d665c438ee1e8a0fe0a52b, type: 3}
      propertyPath: m_LocalScale.z
      value: 0.33333334
      objectReference: {fileID: 0}
    - target: {fileID: 4952582721352080666, guid: c281f60676d665c438ee1e8a0fe0a52b, type: 3}
      propertyPath: m_Name
      value: Water Leak Light
      objectReference: {fileID: 0}
    m_RemovedComponents: []
  m_SourcePrefab: {fileID: 100100000, guid: c281f60676d665c438ee1e8a0fe0a52b, type: 3}
--- !u!4 &2385477038447961620 stripped
Transform:
  m_CorrespondingSourceObject: {fileID: 4952582721351844154, guid: c281f60676d665c438ee1e8a0fe0a52b, type: 3}
  m_PrefabInstance: {fileID: 7323399470884890414}
  m_PrefabAsset: {fileID: 0}
