%YAML 1.1
%TAG !u! tag:unity3d.com,2011:
--- !u!1 &7533599968061828364
GameObject:
  m_ObjectHideFlags: 0
  m_CorrespondingSourceObject: {fileID: 0}
  m_PrefabInstance: {fileID: 0}
  m_PrefabAsset: {fileID: 0}
  serializedVersion: 6
  m_Component:
  - component: {fileID: 1979779596383873356}
  m_Layer: 0
  m_Name: ClassRoom-Ver_2_8x8
  m_TagString: Untagged
  m_Icon: {fileID: 0}
  m_NavMeshLayer: 0
  m_StaticEditorFlags: 0
  m_IsActive: 1
--- !u!4 &1979779596383873356
Transform:
  m_ObjectHideFlags: 0
  m_CorrespondingSourceObject: {fileID: 0}
  m_PrefabInstance: {fileID: 0}
  m_PrefabAsset: {fileID: 0}
  m_GameObject: {fileID: 7533599968061828364}
  m_LocalRotation: {x: -0, y: -0, z: -0, w: 1}
  m_LocalPosition: {x: 14.837271, y: 1.1192094, z: 1.3704647}
  m_LocalScale: {x: 0.33333334, y: 0.33333334, z: 0.33333334}
  m_Children:
  - {fileID: 9016415701814638016}
  - {fileID: 2564125119479474961}
  - {fileID: 5253668563483907910}
  - {fileID: 4010311985507704711}
  m_Father: {fileID: 0}
  m_RootOrder: 0
  m_LocalEulerAnglesHint: {x: 0, y: 0, z: 0}
--- !u!1001 &1987619158597784127
PrefabInstance:
  m_ObjectHideFlags: 0
  serializedVersion: 2
  m_Modification:
    m_TransformParent: {fileID: 1979779596383873356}
    m_Modifications:
    - target: {fileID: 6014051684201384211, guid: 96b5d9c7487d37044ad53716be03a66b, type: 3}
      propertyPath: m_Name
      value: Electric plugs
      objectReference: {fileID: 0}
    - target: {fileID: 7401049536381134847, guid: 96b5d9c7487d37044ad53716be03a66b, type: 3}
      propertyPath: m_LocalPosition.x
      value: -31.131432
      objectReference: {fileID: 0}
    - target: {fileID: 7401049536381134847, guid: 96b5d9c7487d37044ad53716be03a66b, type: 3}
      propertyPath: m_LocalPosition.y
      value: -3.2138782
      objectReference: {fileID: 0}
    - target: {fileID: 7401049536381134847, guid: 96b5d9c7487d37044ad53716be03a66b, type: 3}
      propertyPath: m_LocalPosition.z
      value: -4.9819937
      objectReference: {fileID: 0}
    - target: {fileID: 7401049536381134847, guid: 96b5d9c7487d37044ad53716be03a66b, type: 3}
      propertyPath: m_LocalRotation.x
      value: -0
      objectReference: {fileID: 0}
    - target: {fileID: 7401049536381134847, guid: 96b5d9c7487d37044ad53716be03a66b, type: 3}
      propertyPath: m_LocalRotation.y
      value: -0
      objectReference: {fileID: 0}
    - target: {fileID: 7401049536381134847, guid: 96b5d9c7487d37044ad53716be03a66b, type: 3}
      propertyPath: m_LocalRotation.z
      value: -0
      objectReference: {fileID: 0}
    - target: {fileID: 7401049536381134847, guid: 96b5d9c7487d37044ad53716be03a66b, type: 3}
      propertyPath: m_LocalRotation.w
      value: 1
      objectReference: {fileID: 0}
    - target: {fileID: 7401049536381134847, guid: 96b5d9c7487d37044ad53716be03a66b, type: 3}
      propertyPath: m_RootOrder
      value: 0
      objectReference: {fileID: 0}
    - target: {fileID: 7401049536381134847, guid: 96b5d9c7487d37044ad53716be03a66b, type: 3}
      propertyPath: m_LocalEulerAnglesHint.x
      value: 0
      objectReference: {fileID: 0}
    - target: {fileID: 7401049536381134847, guid: 96b5d9c7487d37044ad53716be03a66b, type: 3}
      propertyPath: m_LocalEulerAnglesHint.y
      value: 0
      objectReference: {fileID: 0}
    - target: {fileID: 7401049536381134847, guid: 96b5d9c7487d37044ad53716be03a66b, type: 3}
      propertyPath: m_LocalEulerAnglesHint.z
      value: 0
      objectReference: {fileID: 0}
    - target: {fileID: 7401049536381134847, guid: 96b5d9c7487d37044ad53716be03a66b, type: 3}
      propertyPath: m_LocalScale.x
      value: 1
      objectReference: {fileID: 0}
    - target: {fileID: 7401049536381134847, guid: 96b5d9c7487d37044ad53716be03a66b, type: 3}
      propertyPath: m_LocalScale.y
      value: 1
      objectReference: {fileID: 0}
    - target: {fileID: 7401049536381134847, guid: 96b5d9c7487d37044ad53716be03a66b, type: 3}
      propertyPath: m_LocalScale.z
      value: 1
      objectReference: {fileID: 0}
    m_RemovedComponents: []
  m_SourcePrefab: {fileID: 100100000, guid: 96b5d9c7487d37044ad53716be03a66b, type: 3}
--- !u!4 &9016415701814638016 stripped
Transform:
  m_CorrespondingSourceObject: {fileID: 7401049536381134847, guid: 96b5d9c7487d37044ad53716be03a66b, type: 3}
  m_PrefabInstance: {fileID: 1987619158597784127}
  m_PrefabAsset: {fileID: 0}
--- !u!1001 &4981075070474243310
PrefabInstance:
  m_ObjectHideFlags: 0
  serializedVersion: 2
  m_Modification:
    m_TransformParent: {fileID: 1979779596383873356}
    m_Modifications:
    - target: {fileID: 6014051684201384211, guid: 96b5d9c7487d37044ad53716be03a66b, type: 3}
      propertyPath: m_Name
      value: Electric plugs (1)
      objectReference: {fileID: 0}
    - target: {fileID: 7401049536381134847, guid: 96b5d9c7487d37044ad53716be03a66b, type: 3}
      propertyPath: m_LocalPosition.x
      value: -44.00841
      objectReference: {fileID: 0}
    - target: {fileID: 7401049536381134847, guid: 96b5d9c7487d37044ad53716be03a66b, type: 3}
      propertyPath: m_LocalPosition.y
      value: -3.2138782
      objectReference: {fileID: 0}
    - target: {fileID: 7401049536381134847, guid: 96b5d9c7487d37044ad53716be03a66b, type: 3}
      propertyPath: m_LocalPosition.z
      value: 0.9640056
      objectReference: {fileID: 0}
    - target: {fileID: 7401049536381134847, guid: 96b5d9c7487d37044ad53716be03a66b, type: 3}
      propertyPath: m_LocalRotation.x
      value: -0
      objectReference: {fileID: 0}
    - target: {fileID: 7401049536381134847, guid: 96b5d9c7487d37044ad53716be03a66b, type: 3}
      propertyPath: m_LocalRotation.y
      value: 0.7071068
      objectReference: {fileID: 0}
    - target: {fileID: 7401049536381134847, guid: 96b5d9c7487d37044ad53716be03a66b, type: 3}
      propertyPath: m_LocalRotation.z
      value: -0
      objectReference: {fileID: 0}
    - target: {fileID: 7401049536381134847, guid: 96b5d9c7487d37044ad53716be03a66b, type: 3}
      propertyPath: m_LocalRotation.w
      value: 0.7071068
      objectReference: {fileID: 0}
    - target: {fileID: 7401049536381134847, guid: 96b5d9c7487d37044ad53716be03a66b, type: 3}
      propertyPath: m_RootOrder
      value: 1
      objectReference: {fileID: 0}
    - target: {fileID: 7401049536381134847, guid: 96b5d9c7487d37044ad53716be03a66b, type: 3}
      propertyPath: m_LocalEulerAnglesHint.x
      value: 0
      objectReference: {fileID: 0}
    - target: {fileID: 7401049536381134847, guid: 96b5d9c7487d37044ad53716be03a66b, type: 3}
      propertyPath: m_LocalEulerAnglesHint.y
      value: 90
      objectReference: {fileID: 0}
    - target: {fileID: 7401049536381134847, guid: 96b5d9c7487d37044ad53716be03a66b, type: 3}
      propertyPath: m_LocalEulerAnglesHint.z
      value: 0
      objectReference: {fileID: 0}
    - target: {fileID: 7401049536381134847, guid: 96b5d9c7487d37044ad53716be03a66b, type: 3}
      propertyPath: m_LocalScale.x
      value: 1
      objectReference: {fileID: 0}
    - target: {fileID: 7401049536381134847, guid: 96b5d9c7487d37044ad53716be03a66b, type: 3}
      propertyPath: m_LocalScale.y
      value: 1
      objectReference: {fileID: 0}
    - target: {fileID: 7401049536381134847, guid: 96b5d9c7487d37044ad53716be03a66b, type: 3}
      propertyPath: m_LocalScale.z
      value: 1
      objectReference: {fileID: 0}
    m_RemovedComponents: []
  m_SourcePrefab: {fileID: 100100000, guid: 96b5d9c7487d37044ad53716be03a66b, type: 3}
--- !u!4 &2564125119479474961 stripped
Transform:
  m_CorrespondingSourceObject: {fileID: 7401049536381134847, guid: 96b5d9c7487d37044ad53716be03a66b, type: 3}
  m_PrefabInstance: {fileID: 4981075070474243310}
  m_PrefabAsset: {fileID: 0}
--- !u!1001 &8662948640680477630
PrefabInstance:
  m_ObjectHideFlags: 0
  serializedVersion: 2
  m_Modification:
    m_TransformParent: {fileID: 1979779596383873356}
    m_Modifications:
    - target: {fileID: 3517379868954806488, guid: daa4d00a1b80f4c4c90f7626b72a1620, type: 3}
      propertyPath: m_Name
      value: Small Electric SParkles
      objectReference: {fileID: 0}
    - target: {fileID: 3517379868955170040, guid: daa4d00a1b80f4c4c90f7626b72a1620, type: 3}
      propertyPath: m_LocalPosition.x
      value: -35.13667
      objectReference: {fileID: 0}
    - target: {fileID: 3517379868955170040, guid: daa4d00a1b80f4c4c90f7626b72a1620, type: 3}
      propertyPath: m_LocalPosition.y
      value: 1.1003716
      objectReference: {fileID: 0}
    - target: {fileID: 3517379868955170040, guid: daa4d00a1b80f4c4c90f7626b72a1620, type: 3}
      propertyPath: m_LocalPosition.z
      value: 4.4685984
      objectReference: {fileID: 0}
    - target: {fileID: 3517379868955170040, guid: daa4d00a1b80f4c4c90f7626b72a1620, type: 3}
      propertyPath: m_LocalRotation.x
      value: -0
      objectReference: {fileID: 0}
    - target: {fileID: 3517379868955170040, guid: daa4d00a1b80f4c4c90f7626b72a1620, type: 3}
      propertyPath: m_LocalRotation.y
      value: -0
      objectReference: {fileID: 0}
    - target: {fileID: 3517379868955170040, guid: daa4d00a1b80f4c4c90f7626b72a1620, type: 3}
      propertyPath: m_LocalRotation.z
      value: -0
      objectReference: {fileID: 0}
    - target: {fileID: 3517379868955170040, guid: daa4d00a1b80f4c4c90f7626b72a1620, type: 3}
      propertyPath: m_LocalRotation.w
      value: 1
      objectReference: {fileID: 0}
    - target: {fileID: 3517379868955170040, guid: daa4d00a1b80f4c4c90f7626b72a1620, type: 3}
      propertyPath: m_RootOrder
      value: 2
      objectReference: {fileID: 0}
    - target: {fileID: 3517379868955170040, guid: daa4d00a1b80f4c4c90f7626b72a1620, type: 3}
      propertyPath: m_LocalEulerAnglesHint.x
      value: 0
      objectReference: {fileID: 0}
    - target: {fileID: 3517379868955170040, guid: daa4d00a1b80f4c4c90f7626b72a1620, type: 3}
      propertyPath: m_LocalEulerAnglesHint.y
      value: 0
      objectReference: {fileID: 0}
    - target: {fileID: 3517379868955170040, guid: daa4d00a1b80f4c4c90f7626b72a1620, type: 3}
      propertyPath: m_LocalEulerAnglesHint.z
      value: 0
      objectReference: {fileID: 0}
    - target: {fileID: 3517379868955170040, guid: daa4d00a1b80f4c4c90f7626b72a1620, type: 3}
      propertyPath: m_LocalScale.x
      value: 1
      objectReference: {fileID: 0}
    - target: {fileID: 3517379868955170040, guid: daa4d00a1b80f4c4c90f7626b72a1620, type: 3}
      propertyPath: m_LocalScale.y
      value: 1
      objectReference: {fileID: 0}
    - target: {fileID: 3517379868955170040, guid: daa4d00a1b80f4c4c90f7626b72a1620, type: 3}
      propertyPath: m_LocalScale.z
      value: 1
      objectReference: {fileID: 0}
    m_RemovedComponents: []
  m_SourcePrefab: {fileID: 100100000, guid: daa4d00a1b80f4c4c90f7626b72a1620, type: 3}
--- !u!4 &5253668563483907910 stripped
Transform:
  m_CorrespondingSourceObject: {fileID: 3517379868955170040, guid: daa4d00a1b80f4c4c90f7626b72a1620, type: 3}
  m_PrefabInstance: {fileID: 8662948640680477630}
  m_PrefabAsset: {fileID: 0}
--- !u!1001 &9205906691139478781
PrefabInstance:
  m_ObjectHideFlags: 0
  serializedVersion: 2
  m_Modification:
    m_TransformParent: {fileID: 1979779596383873356}
    m_Modifications:
    - target: {fileID: 4186646437918585224, guid: 5e8d781f3e70e984ea96a3aa95be9585, type: 3}
      propertyPath: ShapeModule.radius.value
      value: 11.5
      objectReference: {fileID: 0}
    - target: {fileID: 5217014296154684282, guid: 5e8d781f3e70e984ea96a3aa95be9585, type: 3}
      propertyPath: m_LocalPosition.x
      value: -33.26181
      objectReference: {fileID: 0}
    - target: {fileID: 5217014296154684282, guid: 5e8d781f3e70e984ea96a3aa95be9585, type: 3}
      propertyPath: m_LocalPosition.y
      value: -1.0476283
      objectReference: {fileID: 0}
    - target: {fileID: 5217014296154684282, guid: 5e8d781f3e70e984ea96a3aa95be9585, type: 3}
      propertyPath: m_LocalPosition.z
      value: 5.368607
      objectReference: {fileID: 0}
    - target: {fileID: 5217014296154684282, guid: 5e8d781f3e70e984ea96a3aa95be9585, type: 3}
      propertyPath: m_LocalRotation.x
      value: -0
      objectReference: {fileID: 0}
    - target: {fileID: 5217014296154684282, guid: 5e8d781f3e70e984ea96a3aa95be9585, type: 3}
      propertyPath: m_LocalRotation.y
      value: -0
      objectReference: {fileID: 0}
    - target: {fileID: 5217014296154684282, guid: 5e8d781f3e70e984ea96a3aa95be9585, type: 3}
      propertyPath: m_LocalRotation.z
      value: -0.0000000037252899
      objectReference: {fileID: 0}
    - target: {fileID: 5217014296154684282, guid: 5e8d781f3e70e984ea96a3aa95be9585, type: 3}
      propertyPath: m_LocalRotation.w
      value: 1
      objectReference: {fileID: 0}
    - target: {fileID: 5217014296154684282, guid: 5e8d781f3e70e984ea96a3aa95be9585, type: 3}
      propertyPath: m_RootOrder
      value: 3
      objectReference: {fileID: 0}
    - target: {fileID: 5217014296154684282, guid: 5e8d781f3e70e984ea96a3aa95be9585, type: 3}
      propertyPath: m_LocalEulerAnglesHint.x
      value: 0
      objectReference: {fileID: 0}
    - target: {fileID: 5217014296154684282, guid: 5e8d781f3e70e984ea96a3aa95be9585, type: 3}
      propertyPath: m_LocalEulerAnglesHint.y
      value: 0
      objectReference: {fileID: 0}
    - target: {fileID: 5217014296154684282, guid: 5e8d781f3e70e984ea96a3aa95be9585, type: 3}
      propertyPath: m_LocalEulerAnglesHint.z
      value: 0
      objectReference: {fileID: 0}
    - target: {fileID: 5217014296154684282, guid: 5e8d781f3e70e984ea96a3aa95be9585, type: 3}
      propertyPath: m_LocalScale.x
      value: 3
      objectReference: {fileID: 0}
    - target: {fileID: 5217014296154684282, guid: 5e8d781f3e70e984ea96a3aa95be9585, type: 3}
      propertyPath: m_LocalScale.y
      value: 1.8000001
      objectReference: {fileID: 0}
    - target: {fileID: 5217014296154684282, guid: 5e8d781f3e70e984ea96a3aa95be9585, type: 3}
      propertyPath: m_LocalScale.z
      value: 3
      objectReference: {fileID: 0}
    - target: {fileID: 6559652480429516287, guid: 5e8d781f3e70e984ea96a3aa95be9585, type: 3}
      propertyPath: m_Name
      value: Dust System 6x9
      objectReference: {fileID: 0}
    m_RemovedComponents: []
  m_SourcePrefab: {fileID: 100100000, guid: 5e8d781f3e70e984ea96a3aa95be9585, type: 3}
--- !u!4 &4010311985507704711 stripped
Transform:
  m_CorrespondingSourceObject: {fileID: 5217014296154684282, guid: 5e8d781f3e70e984ea96a3aa95be9585, type: 3}
  m_PrefabInstance: {fileID: 9205906691139478781}
  m_PrefabAsset: {fileID: 0}
