%YAML 1.1
%TAG !u! tag:unity3d.com,2011:
--- !u!1 &9210644579945140811
GameObject:
  m_ObjectHideFlags: 0
  m_CorrespondingSourceObject: {fileID: 0}
  m_PrefabInstance: {fileID: 0}
  m_PrefabAsset: {fileID: 0}
  serializedVersion: 6
  m_Component:
  - component: {fileID: 1314892244034640472}
  m_Layer: 0
  m_Name: 'WorkShop_Ver_3_8x8 '
  m_TagString: Untagged
  m_Icon: {fileID: 0}
  m_NavMeshLayer: 0
  m_StaticEditorFlags: 0
  m_IsActive: 1
--- !u!4 &1314892244034640472
Transform:
  m_ObjectHideFlags: 0
  m_CorrespondingSourceObject: {fileID: 0}
  m_PrefabInstance: {fileID: 0}
  m_PrefabAsset: {fileID: 0}
  m_GameObject: {fileID: 9210644579945140811}
  m_LocalRotation: {x: -0, y: -0, z: -0, w: 1}
  m_LocalPosition: {x: 13.117432, y: -0.18603739, z: 13.661707}
  m_LocalScale: {x: 0.33333334, y: 0.33333334, z: 0.33333334}
  m_Children:
  - {fileID: 743633463608207529}
  - {fileID: 4640804288609776169}
  - {fileID: 8063598861287262261}
  - {fileID: 874882091226212095}
  - {fileID: 3817566489390621035}
  - {fileID: 2392102952552949036}
  - {fileID: 8337069116646476654}
  - {fileID: 4886006039950322666}
  - {fileID: 196452613375202812}
  - {fileID: 599091638151815300}
  m_Father: {fileID: 0}
  m_RootOrder: 0
  m_LocalEulerAnglesHint: {x: 0, y: 0, z: 0}
--- !u!1001 &350270694826439443
PrefabInstance:
  m_ObjectHideFlags: 0
  serializedVersion: 2
  m_Modification:
    m_TransformParent: {fileID: 1314892244034640472}
    m_Modifications:
    - target: {fileID: 4952582721351844154, guid: c281f60676d665c438ee1e8a0fe0a52b, type: 3}
      propertyPath: m_LocalPosition.x
      value: -27.475292
      objectReference: {fileID: 0}
    - target: {fileID: 4952582721351844154, guid: c281f60676d665c438ee1e8a0fe0a52b, type: 3}
      propertyPath: m_LocalPosition.y
      value: 4.350113
      objectReference: {fileID: 0}
    - target: {fileID: 4952582721351844154, guid: c281f60676d665c438ee1e8a0fe0a52b, type: 3}
      propertyPath: m_LocalPosition.z
      value: -25.556118
      objectReference: {fileID: 0}
    - target: {fileID: 4952582721351844154, guid: c281f60676d665c438ee1e8a0fe0a52b, type: 3}
      propertyPath: m_LocalRotation.x
      value: 0.17216294
      objectReference: {fileID: 0}
    - target: {fileID: 4952582721351844154, guid: c281f60676d665c438ee1e8a0fe0a52b, type: 3}
      propertyPath: m_LocalRotation.y
      value: 0.1285432
      objectReference: {fileID: 0}
    - target: {fileID: 4952582721351844154, guid: c281f60676d665c438ee1e8a0fe0a52b, type: 3}
      propertyPath: m_LocalRotation.z
      value: 0.022665681
      objectReference: {fileID: 0}
    - target: {fileID: 4952582721351844154, guid: c281f60676d665c438ee1e8a0fe0a52b, type: 3}
      propertyPath: m_LocalRotation.w
      value: -0.97638255
      objectReference: {fileID: 0}
    - target: {fileID: 4952582721351844154, guid: c281f60676d665c438ee1e8a0fe0a52b, type: 3}
      propertyPath: m_RootOrder
      value: 1
      objectReference: {fileID: 0}
    - target: {fileID: 4952582721351844154, guid: c281f60676d665c438ee1e8a0fe0a52b, type: 3}
      propertyPath: m_LocalEulerAnglesHint.x
      value: 0
      objectReference: {fileID: 0}
    - target: {fileID: 4952582721351844154, guid: c281f60676d665c438ee1e8a0fe0a52b, type: 3}
      propertyPath: m_LocalEulerAnglesHint.y
      value: 0
      objectReference: {fileID: 0}
    - target: {fileID: 4952582721351844154, guid: c281f60676d665c438ee1e8a0fe0a52b, type: 3}
      propertyPath: m_LocalEulerAnglesHint.z
      value: 0
      objectReference: {fileID: 0}
    - target: {fileID: 4952582721351844154, guid: c281f60676d665c438ee1e8a0fe0a52b, type: 3}
      propertyPath: m_LocalScale.x
      value: 0.33333334
      objectReference: {fileID: 0}
    - target: {fileID: 4952582721351844154, guid: c281f60676d665c438ee1e8a0fe0a52b, type: 3}
      propertyPath: m_LocalScale.y
      value: 0.33333346
      objectReference: {fileID: 0}
    - target: {fileID: 4952582721351844154, guid: c281f60676d665c438ee1e8a0fe0a52b, type: 3}
      propertyPath: m_LocalScale.z
      value: 0.33333334
      objectReference: {fileID: 0}
    - target: {fileID: 4952582721352080666, guid: c281f60676d665c438ee1e8a0fe0a52b, type: 3}
      propertyPath: m_Name
      value: Water Leak Light (1)
      objectReference: {fileID: 0}
    m_RemovedComponents: []
  m_SourcePrefab: {fileID: 100100000, guid: c281f60676d665c438ee1e8a0fe0a52b, type: 3}
--- !u!4 &4640804288609776169 stripped
Transform:
  m_CorrespondingSourceObject: {fileID: 4952582721351844154, guid: c281f60676d665c438ee1e8a0fe0a52b, type: 3}
  m_PrefabInstance: {fileID: 350270694826439443}
  m_PrefabAsset: {fileID: 0}
--- !u!1001 &370113639165368322
PrefabInstance:
  m_ObjectHideFlags: 0
  serializedVersion: 2
  m_Modification:
    m_TransformParent: {fileID: 1314892244034640472}
    m_Modifications:
    - target: {fileID: 3591708776474524009, guid: 0f18bc29f297ea449bc87dc93bc8a7a8, type: 3}
      propertyPath: m_LocalPosition.x
      value: -27.410494
      objectReference: {fileID: 0}
    - target: {fileID: 3591708776474524009, guid: 0f18bc29f297ea449bc87dc93bc8a7a8, type: 3}
      propertyPath: m_LocalPosition.y
      value: 4.5991125
      objectReference: {fileID: 0}
    - target: {fileID: 3591708776474524009, guid: 0f18bc29f297ea449bc87dc93bc8a7a8, type: 3}
      propertyPath: m_LocalPosition.z
      value: -28.388119
      objectReference: {fileID: 0}
    - target: {fileID: 3591708776474524009, guid: 0f18bc29f297ea449bc87dc93bc8a7a8, type: 3}
      propertyPath: m_LocalRotation.x
      value: -0
      objectReference: {fileID: 0}
    - target: {fileID: 3591708776474524009, guid: 0f18bc29f297ea449bc87dc93bc8a7a8, type: 3}
      propertyPath: m_LocalRotation.y
      value: -0
      objectReference: {fileID: 0}
    - target: {fileID: 3591708776474524009, guid: 0f18bc29f297ea449bc87dc93bc8a7a8, type: 3}
      propertyPath: m_LocalRotation.z
      value: -0
      objectReference: {fileID: 0}
    - target: {fileID: 3591708776474524009, guid: 0f18bc29f297ea449bc87dc93bc8a7a8, type: 3}
      propertyPath: m_LocalRotation.w
      value: 1
      objectReference: {fileID: 0}
    - target: {fileID: 3591708776474524009, guid: 0f18bc29f297ea449bc87dc93bc8a7a8, type: 3}
      propertyPath: m_RootOrder
      value: 4
      objectReference: {fileID: 0}
    - target: {fileID: 3591708776474524009, guid: 0f18bc29f297ea449bc87dc93bc8a7a8, type: 3}
      propertyPath: m_LocalEulerAnglesHint.x
      value: 0
      objectReference: {fileID: 0}
    - target: {fileID: 3591708776474524009, guid: 0f18bc29f297ea449bc87dc93bc8a7a8, type: 3}
      propertyPath: m_LocalEulerAnglesHint.y
      value: 0
      objectReference: {fileID: 0}
    - target: {fileID: 3591708776474524009, guid: 0f18bc29f297ea449bc87dc93bc8a7a8, type: 3}
      propertyPath: m_LocalEulerAnglesHint.z
      value: 0
      objectReference: {fileID: 0}
    - target: {fileID: 3591708776474524009, guid: 0f18bc29f297ea449bc87dc93bc8a7a8, type: 3}
      propertyPath: m_LocalScale.x
      value: 0.111111134
      objectReference: {fileID: 0}
    - target: {fileID: 3591708776474524009, guid: 0f18bc29f297ea449bc87dc93bc8a7a8, type: 3}
      propertyPath: m_LocalScale.y
      value: 0.11111112
      objectReference: {fileID: 0}
    - target: {fileID: 3591708776474524009, guid: 0f18bc29f297ea449bc87dc93bc8a7a8, type: 3}
      propertyPath: m_LocalScale.z
      value: 0.11111115
      objectReference: {fileID: 0}
    - target: {fileID: 3591708776474682697, guid: 0f18bc29f297ea449bc87dc93bc8a7a8, type: 3}
      propertyPath: m_Name
      value: Steam Small
      objectReference: {fileID: 0}
    - target: {fileID: 3591708776480198825, guid: 0f18bc29f297ea449bc87dc93bc8a7a8, type: 3}
      propertyPath: m_Enabled
      value: 0
      objectReference: {fileID: 0}
    - target: {fileID: 3591708776488680489, guid: 0f18bc29f297ea449bc87dc93bc8a7a8, type: 3}
      propertyPath: InitialModule.startSize.minScalar
      value: 1
      objectReference: {fileID: 0}
    - target: {fileID: 3591708776488680489, guid: 0f18bc29f297ea449bc87dc93bc8a7a8, type: 3}
      propertyPath: InitialModule.startSize.scalar
      value: 3
      objectReference: {fileID: 0}
    - target: {fileID: 3591708776488680489, guid: 0f18bc29f297ea449bc87dc93bc8a7a8, type: 3}
      propertyPath: lengthInSec
      value: 10
      objectReference: {fileID: 0}
    - target: {fileID: 3591708776488680489, guid: 0f18bc29f297ea449bc87dc93bc8a7a8, type: 3}
      propertyPath: InitialModule.startLifetime.scalar
      value: 10
      objectReference: {fileID: 0}
    - target: {fileID: 3591708776488699273, guid: 0f18bc29f297ea449bc87dc93bc8a7a8, type: 3}
      propertyPath: m_Enabled
      value: 1
      objectReference: {fileID: 0}
    m_RemovedComponents: []
  m_SourcePrefab: {fileID: 100100000, guid: 0f18bc29f297ea449bc87dc93bc8a7a8, type: 3}
--- !u!4 &3817566489390621035 stripped
Transform:
  m_CorrespondingSourceObject: {fileID: 3591708776474524009, guid: 0f18bc29f297ea449bc87dc93bc8a7a8, type: 3}
  m_PrefabInstance: {fileID: 370113639165368322}
  m_PrefabAsset: {fileID: 0}
--- !u!1001 &537493123631999696
PrefabInstance:
  m_ObjectHideFlags: 0
  serializedVersion: 2
  m_Modification:
    m_TransformParent: {fileID: 1314892244034640472}
    m_Modifications:
    - target: {fileID: 4952582721351844154, guid: c281f60676d665c438ee1e8a0fe0a52b, type: 3}
      propertyPath: m_LocalPosition.x
      value: -32.726795
      objectReference: {fileID: 0}
    - target: {fileID: 4952582721351844154, guid: c281f60676d665c438ee1e8a0fe0a52b, type: 3}
      propertyPath: m_LocalPosition.y
      value: 4.4011126
      objectReference: {fileID: 0}
    - target: {fileID: 4952582721351844154, guid: c281f60676d665c438ee1e8a0fe0a52b, type: 3}
      propertyPath: m_LocalPosition.z
      value: -36.566124
      objectReference: {fileID: 0}
    - target: {fileID: 4952582721351844154, guid: c281f60676d665c438ee1e8a0fe0a52b, type: 3}
      propertyPath: m_LocalRotation.x
      value: 0.17216294
      objectReference: {fileID: 0}
    - target: {fileID: 4952582721351844154, guid: c281f60676d665c438ee1e8a0fe0a52b, type: 3}
      propertyPath: m_LocalRotation.y
      value: 0.1285432
      objectReference: {fileID: 0}
    - target: {fileID: 4952582721351844154, guid: c281f60676d665c438ee1e8a0fe0a52b, type: 3}
      propertyPath: m_LocalRotation.z
      value: 0.022665681
      objectReference: {fileID: 0}
    - target: {fileID: 4952582721351844154, guid: c281f60676d665c438ee1e8a0fe0a52b, type: 3}
      propertyPath: m_LocalRotation.w
      value: -0.97638255
      objectReference: {fileID: 0}
    - target: {fileID: 4952582721351844154, guid: c281f60676d665c438ee1e8a0fe0a52b, type: 3}
      propertyPath: m_RootOrder
      value: 7
      objectReference: {fileID: 0}
    - target: {fileID: 4952582721351844154, guid: c281f60676d665c438ee1e8a0fe0a52b, type: 3}
      propertyPath: m_LocalEulerAnglesHint.x
      value: 0
      objectReference: {fileID: 0}
    - target: {fileID: 4952582721351844154, guid: c281f60676d665c438ee1e8a0fe0a52b, type: 3}
      propertyPath: m_LocalEulerAnglesHint.y
      value: 0
      objectReference: {fileID: 0}
    - target: {fileID: 4952582721351844154, guid: c281f60676d665c438ee1e8a0fe0a52b, type: 3}
      propertyPath: m_LocalEulerAnglesHint.z
      value: 0
      objectReference: {fileID: 0}
    - target: {fileID: 4952582721351844154, guid: c281f60676d665c438ee1e8a0fe0a52b, type: 3}
      propertyPath: m_LocalScale.x
      value: 0.33333334
      objectReference: {fileID: 0}
    - target: {fileID: 4952582721351844154, guid: c281f60676d665c438ee1e8a0fe0a52b, type: 3}
      propertyPath: m_LocalScale.y
      value: 0.33333346
      objectReference: {fileID: 0}
    - target: {fileID: 4952582721351844154, guid: c281f60676d665c438ee1e8a0fe0a52b, type: 3}
      propertyPath: m_LocalScale.z
      value: 0.33333334
      objectReference: {fileID: 0}
    - target: {fileID: 4952582721352080666, guid: c281f60676d665c438ee1e8a0fe0a52b, type: 3}
      propertyPath: m_Name
      value: Water Leak Light (4)
      objectReference: {fileID: 0}
    m_RemovedComponents: []
  m_SourcePrefab: {fileID: 100100000, guid: c281f60676d665c438ee1e8a0fe0a52b, type: 3}
--- !u!4 &4886006039950322666 stripped
Transform:
  m_CorrespondingSourceObject: {fileID: 4952582721351844154, guid: c281f60676d665c438ee1e8a0fe0a52b, type: 3}
  m_PrefabInstance: {fileID: 537493123631999696}
  m_PrefabAsset: {fileID: 0}
--- !u!1001 &1515170350043163793
PrefabInstance:
  m_ObjectHideFlags: 0
  serializedVersion: 2
  m_Modification:
    m_TransformParent: {fileID: 1314892244034640472}
    m_Modifications:
    - target: {fileID: 6014051684201384211, guid: 96b5d9c7487d37044ad53716be03a66b, type: 3}
      propertyPath: m_Name
      value: Electric plugs (1)
      objectReference: {fileID: 0}
    - target: {fileID: 7401049536381134847, guid: 96b5d9c7487d37044ad53716be03a66b, type: 3}
      propertyPath: m_LocalPosition.x
      value: -29.349232
      objectReference: {fileID: 0}
    - target: {fileID: 7401049536381134847, guid: 96b5d9c7487d37044ad53716be03a66b, type: 3}
      propertyPath: m_LocalPosition.y
      value: 0.55811214
      objectReference: {fileID: 0}
    - target: {fileID: 7401049536381134847, guid: 96b5d9c7487d37044ad53716be03a66b, type: 3}
      propertyPath: m_LocalPosition.z
      value: -20.663721
      objectReference: {fileID: 0}
    - target: {fileID: 7401049536381134847, guid: 96b5d9c7487d37044ad53716be03a66b, type: 3}
      propertyPath: m_LocalRotation.x
      value: -0
      objectReference: {fileID: 0}
    - target: {fileID: 7401049536381134847, guid: 96b5d9c7487d37044ad53716be03a66b, type: 3}
      propertyPath: m_LocalRotation.y
      value: -0
      objectReference: {fileID: 0}
    - target: {fileID: 7401049536381134847, guid: 96b5d9c7487d37044ad53716be03a66b, type: 3}
      propertyPath: m_LocalRotation.z
      value: -0
      objectReference: {fileID: 0}
    - target: {fileID: 7401049536381134847, guid: 96b5d9c7487d37044ad53716be03a66b, type: 3}
      propertyPath: m_LocalRotation.w
      value: 1
      objectReference: {fileID: 0}
    - target: {fileID: 7401049536381134847, guid: 96b5d9c7487d37044ad53716be03a66b, type: 3}
      propertyPath: m_RootOrder
      value: 6
      objectReference: {fileID: 0}
    - target: {fileID: 7401049536381134847, guid: 96b5d9c7487d37044ad53716be03a66b, type: 3}
      propertyPath: m_LocalEulerAnglesHint.x
      value: 0
      objectReference: {fileID: 0}
    - target: {fileID: 7401049536381134847, guid: 96b5d9c7487d37044ad53716be03a66b, type: 3}
      propertyPath: m_LocalEulerAnglesHint.y
      value: 0
      objectReference: {fileID: 0}
    - target: {fileID: 7401049536381134847, guid: 96b5d9c7487d37044ad53716be03a66b, type: 3}
      propertyPath: m_LocalEulerAnglesHint.z
      value: 0
      objectReference: {fileID: 0}
    - target: {fileID: 7401049536381134847, guid: 96b5d9c7487d37044ad53716be03a66b, type: 3}
      propertyPath: m_LocalScale.x
      value: 1
      objectReference: {fileID: 0}
    - target: {fileID: 7401049536381134847, guid: 96b5d9c7487d37044ad53716be03a66b, type: 3}
      propertyPath: m_LocalScale.y
      value: 1
      objectReference: {fileID: 0}
    - target: {fileID: 7401049536381134847, guid: 96b5d9c7487d37044ad53716be03a66b, type: 3}
      propertyPath: m_LocalScale.z
      value: 1
      objectReference: {fileID: 0}
    m_RemovedComponents: []
  m_SourcePrefab: {fileID: 100100000, guid: 96b5d9c7487d37044ad53716be03a66b, type: 3}
--- !u!4 &8337069116646476654 stripped
Transform:
  m_CorrespondingSourceObject: {fileID: 7401049536381134847, guid: 96b5d9c7487d37044ad53716be03a66b, type: 3}
  m_PrefabInstance: {fileID: 1515170350043163793}
  m_PrefabAsset: {fileID: 0}
--- !u!1001 &3124569946494830863
PrefabInstance:
  m_ObjectHideFlags: 0
  serializedVersion: 2
  m_Modification:
    m_TransformParent: {fileID: 1314892244034640472}
    m_Modifications:
    - target: {fileID: 4952582721351844154, guid: c281f60676d665c438ee1e8a0fe0a52b, type: 3}
      propertyPath: m_LocalPosition.x
      value: -27.557793
      objectReference: {fileID: 0}
    - target: {fileID: 4952582721351844154, guid: c281f60676d665c438ee1e8a0fe0a52b, type: 3}
      propertyPath: m_LocalPosition.y
      value: 4.419112
      objectReference: {fileID: 0}
    - target: {fileID: 4952582721351844154, guid: c281f60676d665c438ee1e8a0fe0a52b, type: 3}
      propertyPath: m_LocalPosition.z
      value: -28.355122
      objectReference: {fileID: 0}
    - target: {fileID: 4952582721351844154, guid: c281f60676d665c438ee1e8a0fe0a52b, type: 3}
      propertyPath: m_LocalRotation.x
      value: 0.17216294
      objectReference: {fileID: 0}
    - target: {fileID: 4952582721351844154, guid: c281f60676d665c438ee1e8a0fe0a52b, type: 3}
      propertyPath: m_LocalRotation.y
      value: 0.1285432
      objectReference: {fileID: 0}
    - target: {fileID: 4952582721351844154, guid: c281f60676d665c438ee1e8a0fe0a52b, type: 3}
      propertyPath: m_LocalRotation.z
      value: 0.022665681
      objectReference: {fileID: 0}
    - target: {fileID: 4952582721351844154, guid: c281f60676d665c438ee1e8a0fe0a52b, type: 3}
      propertyPath: m_LocalRotation.w
      value: -0.97638255
      objectReference: {fileID: 0}
    - target: {fileID: 4952582721351844154, guid: c281f60676d665c438ee1e8a0fe0a52b, type: 3}
      propertyPath: m_RootOrder
      value: 2
      objectReference: {fileID: 0}
    - target: {fileID: 4952582721351844154, guid: c281f60676d665c438ee1e8a0fe0a52b, type: 3}
      propertyPath: m_LocalEulerAnglesHint.x
      value: 0
      objectReference: {fileID: 0}
    - target: {fileID: 4952582721351844154, guid: c281f60676d665c438ee1e8a0fe0a52b, type: 3}
      propertyPath: m_LocalEulerAnglesHint.y
      value: 0
      objectReference: {fileID: 0}
    - target: {fileID: 4952582721351844154, guid: c281f60676d665c438ee1e8a0fe0a52b, type: 3}
      propertyPath: m_LocalEulerAnglesHint.z
      value: 0
      objectReference: {fileID: 0}
    - target: {fileID: 4952582721351844154, guid: c281f60676d665c438ee1e8a0fe0a52b, type: 3}
      propertyPath: m_LocalScale.x
      value: 0.33333334
      objectReference: {fileID: 0}
    - target: {fileID: 4952582721351844154, guid: c281f60676d665c438ee1e8a0fe0a52b, type: 3}
      propertyPath: m_LocalScale.y
      value: 0.33333346
      objectReference: {fileID: 0}
    - target: {fileID: 4952582721351844154, guid: c281f60676d665c438ee1e8a0fe0a52b, type: 3}
      propertyPath: m_LocalScale.z
      value: 0.33333334
      objectReference: {fileID: 0}
    - target: {fileID: 4952582721352080666, guid: c281f60676d665c438ee1e8a0fe0a52b, type: 3}
      propertyPath: m_Name
      value: Water Leak Light (2)
      objectReference: {fileID: 0}
    m_RemovedComponents: []
  m_SourcePrefab: {fileID: 100100000, guid: c281f60676d665c438ee1e8a0fe0a52b, type: 3}
--- !u!4 &8063598861287262261 stripped
Transform:
  m_CorrespondingSourceObject: {fileID: 4952582721351844154, guid: c281f60676d665c438ee1e8a0fe0a52b, type: 3}
  m_PrefabInstance: {fileID: 3124569946494830863}
  m_PrefabAsset: {fileID: 0}
--- !u!1001 &5044853066713994438
PrefabInstance:
  m_ObjectHideFlags: 0
  serializedVersion: 2
  m_Modification:
    m_TransformParent: {fileID: 1314892244034640472}
    m_Modifications:
    - target: {fileID: 4952582721351844154, guid: c281f60676d665c438ee1e8a0fe0a52b, type: 3}
      propertyPath: m_LocalPosition.x
      value: -32.479294
      objectReference: {fileID: 0}
    - target: {fileID: 4952582721351844154, guid: c281f60676d665c438ee1e8a0fe0a52b, type: 3}
      propertyPath: m_LocalPosition.y
      value: 3.9211125
      objectReference: {fileID: 0}
    - target: {fileID: 4952582721351844154, guid: c281f60676d665c438ee1e8a0fe0a52b, type: 3}
      propertyPath: m_LocalPosition.z
      value: -36.566124
      objectReference: {fileID: 0}
    - target: {fileID: 4952582721351844154, guid: c281f60676d665c438ee1e8a0fe0a52b, type: 3}
      propertyPath: m_LocalRotation.x
      value: 0.17216294
      objectReference: {fileID: 0}
    - target: {fileID: 4952582721351844154, guid: c281f60676d665c438ee1e8a0fe0a52b, type: 3}
      propertyPath: m_LocalRotation.y
      value: 0.1285432
      objectReference: {fileID: 0}
    - target: {fileID: 4952582721351844154, guid: c281f60676d665c438ee1e8a0fe0a52b, type: 3}
      propertyPath: m_LocalRotation.z
      value: 0.022665681
      objectReference: {fileID: 0}
    - target: {fileID: 4952582721351844154, guid: c281f60676d665c438ee1e8a0fe0a52b, type: 3}
      propertyPath: m_LocalRotation.w
      value: -0.97638255
      objectReference: {fileID: 0}
    - target: {fileID: 4952582721351844154, guid: c281f60676d665c438ee1e8a0fe0a52b, type: 3}
      propertyPath: m_RootOrder
      value: 8
      objectReference: {fileID: 0}
    - target: {fileID: 4952582721351844154, guid: c281f60676d665c438ee1e8a0fe0a52b, type: 3}
      propertyPath: m_LocalEulerAnglesHint.x
      value: 0
      objectReference: {fileID: 0}
    - target: {fileID: 4952582721351844154, guid: c281f60676d665c438ee1e8a0fe0a52b, type: 3}
      propertyPath: m_LocalEulerAnglesHint.y
      value: 0
      objectReference: {fileID: 0}
    - target: {fileID: 4952582721351844154, guid: c281f60676d665c438ee1e8a0fe0a52b, type: 3}
      propertyPath: m_LocalEulerAnglesHint.z
      value: 0
      objectReference: {fileID: 0}
    - target: {fileID: 4952582721351844154, guid: c281f60676d665c438ee1e8a0fe0a52b, type: 3}
      propertyPath: m_LocalScale.x
      value: 0.33333334
      objectReference: {fileID: 0}
    - target: {fileID: 4952582721351844154, guid: c281f60676d665c438ee1e8a0fe0a52b, type: 3}
      propertyPath: m_LocalScale.y
      value: 0.33333346
      objectReference: {fileID: 0}
    - target: {fileID: 4952582721351844154, guid: c281f60676d665c438ee1e8a0fe0a52b, type: 3}
      propertyPath: m_LocalScale.z
      value: 0.33333334
      objectReference: {fileID: 0}
    - target: {fileID: 4952582721352080666, guid: c281f60676d665c438ee1e8a0fe0a52b, type: 3}
      propertyPath: m_Name
      value: Water Leak Light (5)
      objectReference: {fileID: 0}
    m_RemovedComponents: []
  m_SourcePrefab: {fileID: 100100000, guid: c281f60676d665c438ee1e8a0fe0a52b, type: 3}
--- !u!4 &196452613375202812 stripped
Transform:
  m_CorrespondingSourceObject: {fileID: 4952582721351844154, guid: c281f60676d665c438ee1e8a0fe0a52b, type: 3}
  m_PrefabInstance: {fileID: 5044853066713994438}
  m_PrefabAsset: {fileID: 0}
--- !u!1001 &5154294600391049939
PrefabInstance:
  m_ObjectHideFlags: 0
  serializedVersion: 2
  m_Modification:
    m_TransformParent: {fileID: 1314892244034640472}
    m_Modifications:
    - target: {fileID: 6014051684201384211, guid: 96b5d9c7487d37044ad53716be03a66b, type: 3}
      propertyPath: m_Name
      value: Electric plugs
      objectReference: {fileID: 0}
    - target: {fileID: 7401049536381134847, guid: 96b5d9c7487d37044ad53716be03a66b, type: 3}
      propertyPath: m_LocalPosition.x
      value: -17.329292
      objectReference: {fileID: 0}
    - target: {fileID: 7401049536381134847, guid: 96b5d9c7487d37044ad53716be03a66b, type: 3}
      propertyPath: m_LocalPosition.y
      value: 0.6552775
      objectReference: {fileID: 0}
    - target: {fileID: 7401049536381134847, guid: 96b5d9c7487d37044ad53716be03a66b, type: 3}
      propertyPath: m_LocalPosition.z
      value: -29.78912
      objectReference: {fileID: 0}
    - target: {fileID: 7401049536381134847, guid: 96b5d9c7487d37044ad53716be03a66b, type: 3}
      propertyPath: m_LocalRotation.x
      value: -0
      objectReference: {fileID: 0}
    - target: {fileID: 7401049536381134847, guid: 96b5d9c7487d37044ad53716be03a66b, type: 3}
      propertyPath: m_LocalRotation.y
      value: -0
      objectReference: {fileID: 0}
    - target: {fileID: 7401049536381134847, guid: 96b5d9c7487d37044ad53716be03a66b, type: 3}
      propertyPath: m_LocalRotation.z
      value: -0
      objectReference: {fileID: 0}
    - target: {fileID: 7401049536381134847, guid: 96b5d9c7487d37044ad53716be03a66b, type: 3}
      propertyPath: m_LocalRotation.w
      value: 1
      objectReference: {fileID: 0}
    - target: {fileID: 7401049536381134847, guid: 96b5d9c7487d37044ad53716be03a66b, type: 3}
      propertyPath: m_RootOrder
      value: 5
      objectReference: {fileID: 0}
    - target: {fileID: 7401049536381134847, guid: 96b5d9c7487d37044ad53716be03a66b, type: 3}
      propertyPath: m_LocalEulerAnglesHint.x
      value: 0
      objectReference: {fileID: 0}
    - target: {fileID: 7401049536381134847, guid: 96b5d9c7487d37044ad53716be03a66b, type: 3}
      propertyPath: m_LocalEulerAnglesHint.y
      value: 0
      objectReference: {fileID: 0}
    - target: {fileID: 7401049536381134847, guid: 96b5d9c7487d37044ad53716be03a66b, type: 3}
      propertyPath: m_LocalEulerAnglesHint.z
      value: 0
      objectReference: {fileID: 0}
    - target: {fileID: 7401049536381134847, guid: 96b5d9c7487d37044ad53716be03a66b, type: 3}
      propertyPath: m_LocalScale.x
      value: 1
      objectReference: {fileID: 0}
    - target: {fileID: 7401049536381134847, guid: 96b5d9c7487d37044ad53716be03a66b, type: 3}
      propertyPath: m_LocalScale.y
      value: 1
      objectReference: {fileID: 0}
    - target: {fileID: 7401049536381134847, guid: 96b5d9c7487d37044ad53716be03a66b, type: 3}
      propertyPath: m_LocalScale.z
      value: 1
      objectReference: {fileID: 0}
    m_RemovedComponents: []
  m_SourcePrefab: {fileID: 100100000, guid: 96b5d9c7487d37044ad53716be03a66b, type: 3}
--- !u!4 &2392102952552949036 stripped
Transform:
  m_CorrespondingSourceObject: {fileID: 7401049536381134847, guid: 96b5d9c7487d37044ad53716be03a66b, type: 3}
  m_PrefabInstance: {fileID: 5154294600391049939}
  m_PrefabAsset: {fileID: 0}
--- !u!1001 &5232953100759312325
PrefabInstance:
  m_ObjectHideFlags: 0
  serializedVersion: 2
  m_Modification:
    m_TransformParent: {fileID: 1314892244034640472}
    m_Modifications:
    - target: {fileID: 4952582721351844154, guid: c281f60676d665c438ee1e8a0fe0a52b, type: 3}
      propertyPath: m_LocalPosition.x
      value: -27.175295
      objectReference: {fileID: 0}
    - target: {fileID: 4952582721351844154, guid: c281f60676d665c438ee1e8a0fe0a52b, type: 3}
      propertyPath: m_LocalPosition.y
      value: 4.389112
      objectReference: {fileID: 0}
    - target: {fileID: 4952582721351844154, guid: c281f60676d665c438ee1e8a0fe0a52b, type: 3}
      propertyPath: m_LocalPosition.z
      value: -28.355122
      objectReference: {fileID: 0}
    - target: {fileID: 4952582721351844154, guid: c281f60676d665c438ee1e8a0fe0a52b, type: 3}
      propertyPath: m_LocalRotation.x
      value: 0.17216294
      objectReference: {fileID: 0}
    - target: {fileID: 4952582721351844154, guid: c281f60676d665c438ee1e8a0fe0a52b, type: 3}
      propertyPath: m_LocalRotation.y
      value: 0.1285432
      objectReference: {fileID: 0}
    - target: {fileID: 4952582721351844154, guid: c281f60676d665c438ee1e8a0fe0a52b, type: 3}
      propertyPath: m_LocalRotation.z
      value: 0.022665681
      objectReference: {fileID: 0}
    - target: {fileID: 4952582721351844154, guid: c281f60676d665c438ee1e8a0fe0a52b, type: 3}
      propertyPath: m_LocalRotation.w
      value: -0.97638255
      objectReference: {fileID: 0}
    - target: {fileID: 4952582721351844154, guid: c281f60676d665c438ee1e8a0fe0a52b, type: 3}
      propertyPath: m_RootOrder
      value: 3
      objectReference: {fileID: 0}
    - target: {fileID: 4952582721351844154, guid: c281f60676d665c438ee1e8a0fe0a52b, type: 3}
      propertyPath: m_LocalEulerAnglesHint.x
      value: 0
      objectReference: {fileID: 0}
    - target: {fileID: 4952582721351844154, guid: c281f60676d665c438ee1e8a0fe0a52b, type: 3}
      propertyPath: m_LocalEulerAnglesHint.y
      value: 0
      objectReference: {fileID: 0}
    - target: {fileID: 4952582721351844154, guid: c281f60676d665c438ee1e8a0fe0a52b, type: 3}
      propertyPath: m_LocalEulerAnglesHint.z
      value: 0
      objectReference: {fileID: 0}
    - target: {fileID: 4952582721351844154, guid: c281f60676d665c438ee1e8a0fe0a52b, type: 3}
      propertyPath: m_LocalScale.x
      value: 0.33333334
      objectReference: {fileID: 0}
    - target: {fileID: 4952582721351844154, guid: c281f60676d665c438ee1e8a0fe0a52b, type: 3}
      propertyPath: m_LocalScale.y
      value: 0.33333346
      objectReference: {fileID: 0}
    - target: {fileID: 4952582721351844154, guid: c281f60676d665c438ee1e8a0fe0a52b, type: 3}
      propertyPath: m_LocalScale.z
      value: 0.33333334
      objectReference: {fileID: 0}
    - target: {fileID: 4952582721352080666, guid: c281f60676d665c438ee1e8a0fe0a52b, type: 3}
      propertyPath: m_Name
      value: Water Leak Light (3)
      objectReference: {fileID: 0}
    m_RemovedComponents: []
  m_SourcePrefab: {fileID: 100100000, guid: c281f60676d665c438ee1e8a0fe0a52b, type: 3}
--- !u!4 &874882091226212095 stripped
Transform:
  m_CorrespondingSourceObject: {fileID: 4952582721351844154, guid: c281f60676d665c438ee1e8a0fe0a52b, type: 3}
  m_PrefabInstance: {fileID: 5232953100759312325}
  m_PrefabAsset: {fileID: 0}
--- !u!1001 &5686622527235811731
PrefabInstance:
  m_ObjectHideFlags: 0
  serializedVersion: 2
  m_Modification:
    m_TransformParent: {fileID: 1314892244034640472}
    m_Modifications:
    - target: {fileID: 4952582721351844154, guid: c281f60676d665c438ee1e8a0fe0a52b, type: 3}
      propertyPath: m_LocalPosition.x
      value: -27.322294
      objectReference: {fileID: 0}
    - target: {fileID: 4952582721351844154, guid: c281f60676d665c438ee1e8a0fe0a52b, type: 3}
      propertyPath: m_LocalPosition.y
      value: 4.350113
      objectReference: {fileID: 0}
    - target: {fileID: 4952582721351844154, guid: c281f60676d665c438ee1e8a0fe0a52b, type: 3}
      propertyPath: m_LocalPosition.z
      value: -25.556118
      objectReference: {fileID: 0}
    - target: {fileID: 4952582721351844154, guid: c281f60676d665c438ee1e8a0fe0a52b, type: 3}
      propertyPath: m_LocalRotation.x
      value: 0.17216294
      objectReference: {fileID: 0}
    - target: {fileID: 4952582721351844154, guid: c281f60676d665c438ee1e8a0fe0a52b, type: 3}
      propertyPath: m_LocalRotation.y
      value: 0.1285432
      objectReference: {fileID: 0}
    - target: {fileID: 4952582721351844154, guid: c281f60676d665c438ee1e8a0fe0a52b, type: 3}
      propertyPath: m_LocalRotation.z
      value: 0.022665681
      objectReference: {fileID: 0}
    - target: {fileID: 4952582721351844154, guid: c281f60676d665c438ee1e8a0fe0a52b, type: 3}
      propertyPath: m_LocalRotation.w
      value: -0.97638255
      objectReference: {fileID: 0}
    - target: {fileID: 4952582721351844154, guid: c281f60676d665c438ee1e8a0fe0a52b, type: 3}
      propertyPath: m_RootOrder
      value: 0
      objectReference: {fileID: 0}
    - target: {fileID: 4952582721351844154, guid: c281f60676d665c438ee1e8a0fe0a52b, type: 3}
      propertyPath: m_LocalEulerAnglesHint.x
      value: 0
      objectReference: {fileID: 0}
    - target: {fileID: 4952582721351844154, guid: c281f60676d665c438ee1e8a0fe0a52b, type: 3}
      propertyPath: m_LocalEulerAnglesHint.y
      value: 0
      objectReference: {fileID: 0}
    - target: {fileID: 4952582721351844154, guid: c281f60676d665c438ee1e8a0fe0a52b, type: 3}
      propertyPath: m_LocalEulerAnglesHint.z
      value: 0
      objectReference: {fileID: 0}
    - target: {fileID: 4952582721351844154, guid: c281f60676d665c438ee1e8a0fe0a52b, type: 3}
      propertyPath: m_LocalScale.x
      value: 0.33333334
      objectReference: {fileID: 0}
    - target: {fileID: 4952582721351844154, guid: c281f60676d665c438ee1e8a0fe0a52b, type: 3}
      propertyPath: m_LocalScale.y
      value: 0.33333346
      objectReference: {fileID: 0}
    - target: {fileID: 4952582721351844154, guid: c281f60676d665c438ee1e8a0fe0a52b, type: 3}
      propertyPath: m_LocalScale.z
      value: 0.33333334
      objectReference: {fileID: 0}
    - target: {fileID: 4952582721352080666, guid: c281f60676d665c438ee1e8a0fe0a52b, type: 3}
      propertyPath: m_Name
      value: Water Leak Light
      objectReference: {fileID: 0}
    m_RemovedComponents: []
  m_SourcePrefab: {fileID: 100100000, guid: c281f60676d665c438ee1e8a0fe0a52b, type: 3}
--- !u!4 &743633463608207529 stripped
Transform:
  m_CorrespondingSourceObject: {fileID: 4952582721351844154, guid: c281f60676d665c438ee1e8a0fe0a52b, type: 3}
  m_PrefabInstance: {fileID: 5686622527235811731}
  m_PrefabAsset: {fileID: 0}
--- !u!1001 &8796003972051797457
PrefabInstance:
  m_ObjectHideFlags: 0
  serializedVersion: 2
  m_Modification:
    m_TransformParent: {fileID: 1314892244034640472}
    m_Modifications:
    - target: {fileID: 17649041492225959, guid: 443e4c76306551745b28cb93a4ad0418, type: 3}
      propertyPath: ShapeModule.radius.value
      value: 16.65
      objectReference: {fileID: 0}
    - target: {fileID: 7003051621153078224, guid: 443e4c76306551745b28cb93a4ad0418, type: 3}
      propertyPath: m_Name
      value: Dust System 10x9
      objectReference: {fileID: 0}
    - target: {fileID: 8233083325034571093, guid: 443e4c76306551745b28cb93a4ad0418, type: 3}
      propertyPath: m_LocalPosition.x
      value: -28.072294
      objectReference: {fileID: 0}
    - target: {fileID: 8233083325034571093, guid: 443e4c76306551745b28cb93a4ad0418, type: 3}
      propertyPath: m_LocalPosition.y
      value: 2.9281125
      objectReference: {fileID: 0}
    - target: {fileID: 8233083325034571093, guid: 443e4c76306551745b28cb93a4ad0418, type: 3}
      propertyPath: m_LocalPosition.z
      value: -30.875122
      objectReference: {fileID: 0}
    - target: {fileID: 8233083325034571093, guid: 443e4c76306551745b28cb93a4ad0418, type: 3}
      propertyPath: m_LocalRotation.x
      value: -0
      objectReference: {fileID: 0}
    - target: {fileID: 8233083325034571093, guid: 443e4c76306551745b28cb93a4ad0418, type: 3}
      propertyPath: m_LocalRotation.y
      value: -0
      objectReference: {fileID: 0}
    - target: {fileID: 8233083325034571093, guid: 443e4c76306551745b28cb93a4ad0418, type: 3}
      propertyPath: m_LocalRotation.z
      value: -0
      objectReference: {fileID: 0}
    - target: {fileID: 8233083325034571093, guid: 443e4c76306551745b28cb93a4ad0418, type: 3}
      propertyPath: m_LocalRotation.w
      value: 1
      objectReference: {fileID: 0}
    - target: {fileID: 8233083325034571093, guid: 443e4c76306551745b28cb93a4ad0418, type: 3}
      propertyPath: m_RootOrder
      value: 9
      objectReference: {fileID: 0}
    - target: {fileID: 8233083325034571093, guid: 443e4c76306551745b28cb93a4ad0418, type: 3}
      propertyPath: m_LocalEulerAnglesHint.x
      value: 0
      objectReference: {fileID: 0}
    - target: {fileID: 8233083325034571093, guid: 443e4c76306551745b28cb93a4ad0418, type: 3}
      propertyPath: m_LocalEulerAnglesHint.y
      value: 0
      objectReference: {fileID: 0}
    - target: {fileID: 8233083325034571093, guid: 443e4c76306551745b28cb93a4ad0418, type: 3}
      propertyPath: m_LocalEulerAnglesHint.z
      value: 0
      objectReference: {fileID: 0}
    - target: {fileID: 8233083325034571093, guid: 443e4c76306551745b28cb93a4ad0418, type: 3}
      propertyPath: m_LocalScale.x
      value: 3
      objectReference: {fileID: 0}
    - target: {fileID: 8233083325034571093, guid: 443e4c76306551745b28cb93a4ad0418, type: 3}
      propertyPath: m_LocalScale.y
      value: 2.04
      objectReference: {fileID: 0}
    - target: {fileID: 8233083325034571093, guid: 443e4c76306551745b28cb93a4ad0418, type: 3}
      propertyPath: m_LocalScale.z
      value: 2.4
      objectReference: {fileID: 0}
    m_RemovedComponents: []
  m_SourcePrefab: {fileID: 100100000, guid: 443e4c76306551745b28cb93a4ad0418, type: 3}
--- !u!4 &599091638151815300 stripped
Transform:
  m_CorrespondingSourceObject: {fileID: 8233083325034571093, guid: 443e4c76306551745b28cb93a4ad0418, type: 3}
  m_PrefabInstance: {fileID: 8796003972051797457}
  m_PrefabAsset: {fileID: 0}
