%YAML 1.1
%TAG !u! tag:unity3d.com,2011:
--- !u!1 &1696933049597582793
GameObject:
  m_ObjectHideFlags: 0
  m_CorrespondingSourceObject: {fileID: 0}
  m_PrefabInstance: {fileID: 0}
  m_PrefabAsset: {fileID: 0}
  serializedVersion: 6
  m_Component:
  - component: {fileID: 7247228903072373642}
  m_Layer: 0
  m_Name: Trash 5
  m_TagString: Untagged
  m_Icon: {fileID: 0}
  m_NavMeshLayer: 0
  m_StaticEditorFlags: 0
  m_IsActive: 1
--- !u!4 &7247228903072373642
Transform:
  m_ObjectHideFlags: 0
  m_CorrespondingSourceObject: {fileID: 0}
  m_PrefabInstance: {fileID: 0}
  m_PrefabAsset: {fileID: 0}
  m_GameObject: {fileID: 1696933049597582793}
  m_LocalRotation: {x: 0, y: 0, z: 0, w: 1}
  m_LocalPosition: {x: -3.0811398, y: 0.17415701, z: 3.513836}
  m_LocalScale: {x: 1, y: 1, z: 1}
  m_Children:
  - {fileID: 3710013584397453137}
  - {fileID: 3395077420946790810}
  - {fileID: 5363376151139767532}
  - {fileID: 5684077348157730302}
  - {fileID: 7650090955574340767}
  - {fileID: 6101553585103767673}
  - {fileID: 776874136284612900}
  - {fileID: 289885628742317501}
  - {fileID: 4797184951295482504}
  m_Father: {fileID: 0}
  m_RootOrder: 0
  m_LocalEulerAnglesHint: {x: 0, y: 0, z: 0}
--- !u!1001 &155761530357190673
PrefabInstance:
  m_ObjectHideFlags: 0
  serializedVersion: 2
  m_Modification:
    m_TransformParent: {fileID: 7247228903072373642}
    m_Modifications:
    - target: {fileID: 6234234098580428904, guid: 9bcdc947b2c2438499fdb386ec0f06bf, type: 3}
      propertyPath: m_LocalPosition.x
      value: 0.03848076
      objectReference: {fileID: 0}
    - target: {fileID: 6234234098580428904, guid: 9bcdc947b2c2438499fdb386ec0f06bf, type: 3}
      propertyPath: m_LocalPosition.y
      value: -0.17302401
      objectReference: {fileID: 0}
    - target: {fileID: 6234234098580428904, guid: 9bcdc947b2c2438499fdb386ec0f06bf, type: 3}
      propertyPath: m_LocalPosition.z
      value: -0.12995958
      objectReference: {fileID: 0}
    - target: {fileID: 6234234098580428904, guid: 9bcdc947b2c2438499fdb386ec0f06bf, type: 3}
      propertyPath: m_LocalRotation.x
      value: -0
      objectReference: {fileID: 0}
    - target: {fileID: 6234234098580428904, guid: 9bcdc947b2c2438499fdb386ec0f06bf, type: 3}
      propertyPath: m_LocalRotation.y
      value: -0.89708877
      objectReference: {fileID: 0}
    - target: {fileID: 6234234098580428904, guid: 9bcdc947b2c2438499fdb386ec0f06bf, type: 3}
      propertyPath: m_LocalRotation.z
      value: -0
      objectReference: {fileID: 0}
    - target: {fileID: 6234234098580428904, guid: 9bcdc947b2c2438499fdb386ec0f06bf, type: 3}
      propertyPath: m_LocalRotation.w
      value: 0.44185045
      objectReference: {fileID: 0}
    - target: {fileID: 6234234098580428904, guid: 9bcdc947b2c2438499fdb386ec0f06bf, type: 3}
      propertyPath: m_RootOrder
      value: 5
      objectReference: {fileID: 0}
    - target: {fileID: 6234234098580428904, guid: 9bcdc947b2c2438499fdb386ec0f06bf, type: 3}
      propertyPath: m_LocalEulerAnglesHint.x
      value: 0
      objectReference: {fileID: 0}
    - target: {fileID: 6234234098580428904, guid: 9bcdc947b2c2438499fdb386ec0f06bf, type: 3}
      propertyPath: m_LocalEulerAnglesHint.y
      value: -127.556
      objectReference: {fileID: 0}
    - target: {fileID: 6234234098580428904, guid: 9bcdc947b2c2438499fdb386ec0f06bf, type: 3}
      propertyPath: m_LocalEulerAnglesHint.z
      value: 0
      objectReference: {fileID: 0}
    - target: {fileID: 6759800018480382674, guid: 9bcdc947b2c2438499fdb386ec0f06bf, type: 3}
      propertyPath: m_Name
      value: knife (1)
      objectReference: {fileID: 0}
    m_RemovedComponents: []
  m_SourcePrefab: {fileID: 100100000, guid: 9bcdc947b2c2438499fdb386ec0f06bf, type: 3}
--- !u!4 &6101553585103767673 stripped
Transform:
  m_CorrespondingSourceObject: {fileID: 6234234098580428904, guid: 9bcdc947b2c2438499fdb386ec0f06bf, type: 3}
  m_PrefabInstance: {fileID: 155761530357190673}
  m_PrefabAsset: {fileID: 0}
--- !u!1001 &2167349206467347392
PrefabInstance:
  m_ObjectHideFlags: 0
  serializedVersion: 2
  m_Modification:
    m_TransformParent: {fileID: 7247228903072373642}
    m_Modifications:
    - target: {fileID: 1503070293757315812, guid: c54a35a6de9aaff4db867007390a7230, type: 3}
      propertyPath: m_LocalPosition.x
      value: 0.16
      objectReference: {fileID: 0}
    - target: {fileID: 1503070293757315812, guid: c54a35a6de9aaff4db867007390a7230, type: 3}
      propertyPath: m_LocalPosition.y
      value: -0.16909318
      objectReference: {fileID: 0}
    - target: {fileID: 1503070293757315812, guid: c54a35a6de9aaff4db867007390a7230, type: 3}
      propertyPath: m_LocalPosition.z
      value: 0.213
      objectReference: {fileID: 0}
    - target: {fileID: 1503070293757315812, guid: c54a35a6de9aaff4db867007390a7230, type: 3}
      propertyPath: m_LocalRotation.x
      value: -0
      objectReference: {fileID: 0}
    - target: {fileID: 1503070293757315812, guid: c54a35a6de9aaff4db867007390a7230, type: 3}
      propertyPath: m_LocalRotation.y
      value: 0.20392211
      objectReference: {fileID: 0}
    - target: {fileID: 1503070293757315812, guid: c54a35a6de9aaff4db867007390a7230, type: 3}
      propertyPath: m_LocalRotation.z
      value: -0
      objectReference: {fileID: 0}
    - target: {fileID: 1503070293757315812, guid: c54a35a6de9aaff4db867007390a7230, type: 3}
      propertyPath: m_LocalRotation.w
      value: 0.97898716
      objectReference: {fileID: 0}
    - target: {fileID: 1503070293757315812, guid: c54a35a6de9aaff4db867007390a7230, type: 3}
      propertyPath: m_RootOrder
      value: 6
      objectReference: {fileID: 0}
    - target: {fileID: 1503070293757315812, guid: c54a35a6de9aaff4db867007390a7230, type: 3}
      propertyPath: m_LocalEulerAnglesHint.x
      value: 0
      objectReference: {fileID: 0}
    - target: {fileID: 1503070293757315812, guid: c54a35a6de9aaff4db867007390a7230, type: 3}
      propertyPath: m_LocalEulerAnglesHint.y
      value: 23.533
      objectReference: {fileID: 0}
    - target: {fileID: 1503070293757315812, guid: c54a35a6de9aaff4db867007390a7230, type: 3}
      propertyPath: m_LocalEulerAnglesHint.z
      value: 0
      objectReference: {fileID: 0}
    - target: {fileID: 1503070293757315812, guid: c54a35a6de9aaff4db867007390a7230, type: 3}
      propertyPath: m_LocalScale.x
      value: 0.11085236
      objectReference: {fileID: 0}
    - target: {fileID: 1503070293757315812, guid: c54a35a6de9aaff4db867007390a7230, type: 3}
      propertyPath: m_LocalScale.z
      value: 0.11085236
      objectReference: {fileID: 0}
    - target: {fileID: 2274364933676765278, guid: c54a35a6de9aaff4db867007390a7230, type: 3}
      propertyPath: m_Name
      value: plat_low (1)
      objectReference: {fileID: 0}
    m_RemovedComponents: []
  m_SourcePrefab: {fileID: 100100000, guid: c54a35a6de9aaff4db867007390a7230, type: 3}
--- !u!4 &776874136284612900 stripped
Transform:
  m_CorrespondingSourceObject: {fileID: 1503070293757315812, guid: c54a35a6de9aaff4db867007390a7230, type: 3}
  m_PrefabInstance: {fileID: 2167349206467347392}
  m_PrefabAsset: {fileID: 0}
--- !u!1001 &3488150159009188581
PrefabInstance:
  m_ObjectHideFlags: 0
  serializedVersion: 2
  m_Modification:
    m_TransformParent: {fileID: 7247228903072373642}
    m_Modifications:
    - target: {fileID: 3777824539562098520, guid: 9f8408d4603fa254aa0d6bbc6a675b96, type: 3}
      propertyPath: m_LocalPosition.x
      value: -0.16773677
      objectReference: {fileID: 0}
    - target: {fileID: 3777824539562098520, guid: 9f8408d4603fa254aa0d6bbc6a675b96, type: 3}
      propertyPath: m_LocalPosition.y
      value: -0.16395701
      objectReference: {fileID: 0}
    - target: {fileID: 3777824539562098520, guid: 9f8408d4603fa254aa0d6bbc6a675b96, type: 3}
      propertyPath: m_LocalPosition.z
      value: 0.07830548
      objectReference: {fileID: 0}
    - target: {fileID: 3777824539562098520, guid: 9f8408d4603fa254aa0d6bbc6a675b96, type: 3}
      propertyPath: m_LocalRotation.x
      value: 0.6714671
      objectReference: {fileID: 0}
    - target: {fileID: 3777824539562098520, guid: 9f8408d4603fa254aa0d6bbc6a675b96, type: 3}
      propertyPath: m_LocalRotation.y
      value: 0.221655
      objectReference: {fileID: 0}
    - target: {fileID: 3777824539562098520, guid: 9f8408d4603fa254aa0d6bbc6a675b96, type: 3}
      propertyPath: m_LocalRotation.z
      value: -0.22165443
      objectReference: {fileID: 0}
    - target: {fileID: 3777824539562098520, guid: 9f8408d4603fa254aa0d6bbc6a675b96, type: 3}
      propertyPath: m_LocalRotation.w
      value: 0.6714688
      objectReference: {fileID: 0}
    - target: {fileID: 3777824539562098520, guid: 9f8408d4603fa254aa0d6bbc6a675b96, type: 3}
      propertyPath: m_RootOrder
      value: 7
      objectReference: {fileID: 0}
    - target: {fileID: 3777824539562098520, guid: 9f8408d4603fa254aa0d6bbc6a675b96, type: 3}
      propertyPath: m_LocalEulerAnglesHint.x
      value: 90
      objectReference: {fileID: 0}
    - target: {fileID: 3777824539562098520, guid: 9f8408d4603fa254aa0d6bbc6a675b96, type: 3}
      propertyPath: m_LocalEulerAnglesHint.y
      value: 0
      objectReference: {fileID: 0}
    - target: {fileID: 3777824539562098520, guid: 9f8408d4603fa254aa0d6bbc6a675b96, type: 3}
      propertyPath: m_LocalEulerAnglesHint.z
      value: -36.537
      objectReference: {fileID: 0}
    - target: {fileID: 3777824539562098520, guid: 9f8408d4603fa254aa0d6bbc6a675b96, type: 3}
      propertyPath: m_LocalScale.x
      value: 0.144303
      objectReference: {fileID: 0}
    - target: {fileID: 3777824539562098520, guid: 9f8408d4603fa254aa0d6bbc6a675b96, type: 3}
      propertyPath: m_LocalScale.y
      value: 0.14430301
      objectReference: {fileID: 0}
    - target: {fileID: 3777824539562098520, guid: 9f8408d4603fa254aa0d6bbc6a675b96, type: 3}
      propertyPath: m_LocalScale.z
      value: 0.14430301
      objectReference: {fileID: 0}
    - target: {fileID: 4550421005896148450, guid: 9f8408d4603fa254aa0d6bbc6a675b96, type: 3}
      propertyPath: m_Name
      value: mug_1 Variant
      objectReference: {fileID: 0}
    m_RemovedComponents: []
  m_SourcePrefab: {fileID: 100100000, guid: 9f8408d4603fa254aa0d6bbc6a675b96, type: 3}
--- !u!4 &289885628742317501 stripped
Transform:
  m_CorrespondingSourceObject: {fileID: 3777824539562098520, guid: 9f8408d4603fa254aa0d6bbc6a675b96, type: 3}
  m_PrefabInstance: {fileID: 3488150159009188581}
  m_PrefabAsset: {fileID: 0}
--- !u!1001 &4091020920717027955
PrefabInstance:
  m_ObjectHideFlags: 0
  serializedVersion: 2
  m_Modification:
    m_TransformParent: {fileID: 7247228903072373642}
    m_Modifications:
    - target: {fileID: 8514019780725737357, guid: 0c5f4acc08cabce4a891d28852a9e4ab, type: 3}
      propertyPath: m_LocalPosition.x
      value: 0.27711964
      objectReference: {fileID: 0}
    - target: {fileID: 8514019780725737357, guid: 0c5f4acc08cabce4a891d28852a9e4ab, type: 3}
      propertyPath: m_LocalPosition.y
      value: -0.16050301
      objectReference: {fileID: 0}
    - target: {fileID: 8514019780725737357, guid: 0c5f4acc08cabce4a891d28852a9e4ab, type: 3}
      propertyPath: m_LocalPosition.z
      value: -0.040000677
      objectReference: {fileID: 0}
    - target: {fileID: 8514019780725737357, guid: 0c5f4acc08cabce4a891d28852a9e4ab, type: 3}
      propertyPath: m_LocalRotation.x
      value: -0.27059534
      objectReference: {fileID: 0}
    - target: {fileID: 8514019780725737357, guid: 0c5f4acc08cabce4a891d28852a9e4ab, type: 3}
      propertyPath: m_LocalRotation.y
      value: -0.6532834
      objectReference: {fileID: 0}
    - target: {fileID: 8514019780725737357, guid: 0c5f4acc08cabce4a891d28852a9e4ab, type: 3}
      propertyPath: m_LocalRotation.z
      value: 0.65328157
      objectReference: {fileID: 0}
    - target: {fileID: 8514019780725737357, guid: 0c5f4acc08cabce4a891d28852a9e4ab, type: 3}
      propertyPath: m_LocalRotation.w
      value: -0.27059597
      objectReference: {fileID: 0}
    - target: {fileID: 8514019780725737357, guid: 0c5f4acc08cabce4a891d28852a9e4ab, type: 3}
      propertyPath: m_RootOrder
      value: 3
      objectReference: {fileID: 0}
    - target: {fileID: 8514019780725737357, guid: 0c5f4acc08cabce4a891d28852a9e4ab, type: 3}
      propertyPath: m_LocalEulerAnglesHint.x
      value: 90
      objectReference: {fileID: 0}
    - target: {fileID: 8514019780725737357, guid: 0c5f4acc08cabce4a891d28852a9e4ab, type: 3}
      propertyPath: m_LocalEulerAnglesHint.y
      value: 0
      objectReference: {fileID: 0}
    - target: {fileID: 8514019780725737357, guid: 0c5f4acc08cabce4a891d28852a9e4ab, type: 3}
      propertyPath: m_LocalEulerAnglesHint.z
      value: 225
      objectReference: {fileID: 0}
    - target: {fileID: 8514019780725737357, guid: 0c5f4acc08cabce4a891d28852a9e4ab, type: 3}
      propertyPath: m_LocalScale.x
      value: 0.24087001
      objectReference: {fileID: 0}
    - target: {fileID: 8514019780725737357, guid: 0c5f4acc08cabce4a891d28852a9e4ab, type: 3}
      propertyPath: m_LocalScale.y
      value: 0.24087003
      objectReference: {fileID: 0}
    - target: {fileID: 9037615376594033975, guid: 0c5f4acc08cabce4a891d28852a9e4ab, type: 3}
      propertyPath: m_Name
      value: bone_low (2)
      objectReference: {fileID: 0}
    m_RemovedComponents: []
  m_SourcePrefab: {fileID: 100100000, guid: 0c5f4acc08cabce4a891d28852a9e4ab, type: 3}
--- !u!4 &5684077348157730302 stripped
Transform:
  m_CorrespondingSourceObject: {fileID: 8514019780725737357, guid: 0c5f4acc08cabce4a891d28852a9e4ab, type: 3}
  m_PrefabInstance: {fileID: 4091020920717027955}
  m_PrefabAsset: {fileID: 0}
--- !u!1001 &4387399492848997008
PrefabInstance:
  m_ObjectHideFlags: 0
  serializedVersion: 2
  m_Modification:
    m_TransformParent: {fileID: 7247228903072373642}
    m_Modifications:
    - target: {fileID: 1440747787930422026, guid: 4046ab229cbb9c84d9ffed64656b8ec0, type: 3}
      propertyPath: m_LocalPosition.x
      value: -0.1869
      objectReference: {fileID: 0}
    - target: {fileID: 1440747787930422026, guid: 4046ab229cbb9c84d9ffed64656b8ec0, type: 3}
      propertyPath: m_LocalPosition.y
      value: -0.17118742
      objectReference: {fileID: 0}
    - target: {fileID: 1440747787930422026, guid: 4046ab229cbb9c84d9ffed64656b8ec0, type: 3}
      propertyPath: m_LocalPosition.z
      value: -0.0934
      objectReference: {fileID: 0}
    - target: {fileID: 1440747787930422026, guid: 4046ab229cbb9c84d9ffed64656b8ec0, type: 3}
      propertyPath: m_LocalRotation.x
      value: -0
      objectReference: {fileID: 0}
    - target: {fileID: 1440747787930422026, guid: 4046ab229cbb9c84d9ffed64656b8ec0, type: 3}
      propertyPath: m_LocalRotation.y
      value: 0.38268274
      objectReference: {fileID: 0}
    - target: {fileID: 1440747787930422026, guid: 4046ab229cbb9c84d9ffed64656b8ec0, type: 3}
      propertyPath: m_LocalRotation.z
      value: -0
      objectReference: {fileID: 0}
    - target: {fileID: 1440747787930422026, guid: 4046ab229cbb9c84d9ffed64656b8ec0, type: 3}
      propertyPath: m_LocalRotation.w
      value: 0.9238798
      objectReference: {fileID: 0}
    - target: {fileID: 1440747787930422026, guid: 4046ab229cbb9c84d9ffed64656b8ec0, type: 3}
      propertyPath: m_RootOrder
      value: 1
      objectReference: {fileID: 0}
    - target: {fileID: 1440747787930422026, guid: 4046ab229cbb9c84d9ffed64656b8ec0, type: 3}
      propertyPath: m_LocalEulerAnglesHint.x
      value: 0
      objectReference: {fileID: 0}
    - target: {fileID: 1440747787930422026, guid: 4046ab229cbb9c84d9ffed64656b8ec0, type: 3}
      propertyPath: m_LocalEulerAnglesHint.y
      value: 45
      objectReference: {fileID: 0}
    - target: {fileID: 1440747787930422026, guid: 4046ab229cbb9c84d9ffed64656b8ec0, type: 3}
      propertyPath: m_LocalEulerAnglesHint.z
      value: 0
      objectReference: {fileID: 0}
    - target: {fileID: 1780400516974875056, guid: 4046ab229cbb9c84d9ffed64656b8ec0, type: 3}
      propertyPath: m_Name
      value: fork
      objectReference: {fileID: 0}
    m_RemovedComponents: []
  m_SourcePrefab: {fileID: 100100000, guid: 4046ab229cbb9c84d9ffed64656b8ec0, type: 3}
--- !u!4 &3395077420946790810 stripped
Transform:
  m_CorrespondingSourceObject: {fileID: 1440747787930422026, guid: 4046ab229cbb9c84d9ffed64656b8ec0, type: 3}
  m_PrefabInstance: {fileID: 4387399492848997008}
  m_PrefabAsset: {fileID: 0}
--- !u!1001 &6824484258961432072
PrefabInstance:
  m_ObjectHideFlags: 0
  serializedVersion: 2
  m_Modification:
    m_TransformParent: {fileID: 7247228903072373642}
    m_Modifications:
    - target: {fileID: 1503070293757315812, guid: c54a35a6de9aaff4db867007390a7230, type: 3}
      propertyPath: m_LocalPosition.x
      value: -0.0608
      objectReference: {fileID: 0}
    - target: {fileID: 1503070293757315812, guid: c54a35a6de9aaff4db867007390a7230, type: 3}
      propertyPath: m_LocalPosition.y
      value: -0.16909318
      objectReference: {fileID: 0}
    - target: {fileID: 1503070293757315812, guid: c54a35a6de9aaff4db867007390a7230, type: 3}
      propertyPath: m_LocalPosition.z
      value: -0.0471
      objectReference: {fileID: 0}
    - target: {fileID: 1503070293757315812, guid: c54a35a6de9aaff4db867007390a7230, type: 3}
      propertyPath: m_LocalRotation.x
      value: -0
      objectReference: {fileID: 0}
    - target: {fileID: 1503070293757315812, guid: c54a35a6de9aaff4db867007390a7230, type: 3}
      propertyPath: m_LocalRotation.y
      value: 0.20392211
      objectReference: {fileID: 0}
    - target: {fileID: 1503070293757315812, guid: c54a35a6de9aaff4db867007390a7230, type: 3}
      propertyPath: m_LocalRotation.z
      value: -0
      objectReference: {fileID: 0}
    - target: {fileID: 1503070293757315812, guid: c54a35a6de9aaff4db867007390a7230, type: 3}
      propertyPath: m_LocalRotation.w
      value: 0.97898716
      objectReference: {fileID: 0}
    - target: {fileID: 1503070293757315812, guid: c54a35a6de9aaff4db867007390a7230, type: 3}
      propertyPath: m_RootOrder
      value: 2
      objectReference: {fileID: 0}
    - target: {fileID: 1503070293757315812, guid: c54a35a6de9aaff4db867007390a7230, type: 3}
      propertyPath: m_LocalEulerAnglesHint.x
      value: 0
      objectReference: {fileID: 0}
    - target: {fileID: 1503070293757315812, guid: c54a35a6de9aaff4db867007390a7230, type: 3}
      propertyPath: m_LocalEulerAnglesHint.y
      value: 23.533
      objectReference: {fileID: 0}
    - target: {fileID: 1503070293757315812, guid: c54a35a6de9aaff4db867007390a7230, type: 3}
      propertyPath: m_LocalEulerAnglesHint.z
      value: 0
      objectReference: {fileID: 0}
    - target: {fileID: 1503070293757315812, guid: c54a35a6de9aaff4db867007390a7230, type: 3}
      propertyPath: m_LocalScale.x
      value: 0.11085236
      objectReference: {fileID: 0}
    - target: {fileID: 1503070293757315812, guid: c54a35a6de9aaff4db867007390a7230, type: 3}
      propertyPath: m_LocalScale.z
      value: 0.11085236
      objectReference: {fileID: 0}
    - target: {fileID: 2274364933676765278, guid: c54a35a6de9aaff4db867007390a7230, type: 3}
      propertyPath: m_Name
      value: plat_low
      objectReference: {fileID: 0}
    m_RemovedComponents: []
  m_SourcePrefab: {fileID: 100100000, guid: c54a35a6de9aaff4db867007390a7230, type: 3}
--- !u!4 &5363376151139767532 stripped
Transform:
  m_CorrespondingSourceObject: {fileID: 1503070293757315812, guid: c54a35a6de9aaff4db867007390a7230, type: 3}
  m_PrefabInstance: {fileID: 6824484258961432072}
  m_PrefabAsset: {fileID: 0}
--- !u!1001 &7210841332082218856
PrefabInstance:
  m_ObjectHideFlags: 0
  serializedVersion: 2
  m_Modification:
    m_TransformParent: {fileID: 7247228903072373642}
    m_Modifications:
    - target: {fileID: 2774511727346585056, guid: 808723feeaec20b49865212b05a46ca7, type: 3}
      propertyPath: m_LocalPosition.x
      value: 0.3308146
      objectReference: {fileID: 0}
    - target: {fileID: 2774511727346585056, guid: 808723feeaec20b49865212b05a46ca7, type: 3}
      propertyPath: m_LocalPosition.y
      value: -0.16899994
      objectReference: {fileID: 0}
    - target: {fileID: 2774511727346585056, guid: 808723feeaec20b49865212b05a46ca7, type: 3}
      propertyPath: m_LocalPosition.z
      value: -0.1361463
      objectReference: {fileID: 0}
    - target: {fileID: 2774511727346585056, guid: 808723feeaec20b49865212b05a46ca7, type: 3}
      propertyPath: m_LocalRotation.x
      value: 0.00000008146034
      objectReference: {fileID: 0}
    - target: {fileID: 2774511727346585056, guid: 808723feeaec20b49865212b05a46ca7, type: 3}
      propertyPath: m_LocalRotation.y
      value: -0
      objectReference: {fileID: 0}
    - target: {fileID: 2774511727346585056, guid: 808723feeaec20b49865212b05a46ca7, type: 3}
      propertyPath: m_LocalRotation.z
      value: -0
      objectReference: {fileID: 0}
    - target: {fileID: 2774511727346585056, guid: 808723feeaec20b49865212b05a46ca7, type: 3}
      propertyPath: m_LocalRotation.w
      value: 1
      objectReference: {fileID: 0}
    - target: {fileID: 2774511727346585056, guid: 808723feeaec20b49865212b05a46ca7, type: 3}
      propertyPath: m_RootOrder
      value: 8
      objectReference: {fileID: 0}
    - target: {fileID: 2774511727346585056, guid: 808723feeaec20b49865212b05a46ca7, type: 3}
      propertyPath: m_LocalEulerAnglesHint.x
      value: 0
      objectReference: {fileID: 0}
    - target: {fileID: 2774511727346585056, guid: 808723feeaec20b49865212b05a46ca7, type: 3}
      propertyPath: m_LocalEulerAnglesHint.y
      value: 0
      objectReference: {fileID: 0}
    - target: {fileID: 2774511727346585056, guid: 808723feeaec20b49865212b05a46ca7, type: 3}
      propertyPath: m_LocalEulerAnglesHint.z
      value: 0
      objectReference: {fileID: 0}
    - target: {fileID: 3299690589621475162, guid: 808723feeaec20b49865212b05a46ca7, type: 3}
      propertyPath: m_Name
      value: mug_2 Variant
      objectReference: {fileID: 0}
    m_RemovedComponents: []
  m_SourcePrefab: {fileID: 100100000, guid: 808723feeaec20b49865212b05a46ca7, type: 3}
--- !u!4 &4797184951295482504 stripped
Transform:
  m_CorrespondingSourceObject: {fileID: 2774511727346585056, guid: 808723feeaec20b49865212b05a46ca7, type: 3}
  m_PrefabInstance: {fileID: 7210841332082218856}
  m_PrefabAsset: {fileID: 0}
--- !u!1001 &7347885932040806201
PrefabInstance:
  m_ObjectHideFlags: 0
  serializedVersion: 2
  m_Modification:
    m_TransformParent: {fileID: 7247228903072373642}
    m_Modifications:
    - target: {fileID: 6234234098580428904, guid: 9bcdc947b2c2438499fdb386ec0f06bf, type: 3}
      propertyPath: m_LocalPosition.x
      value: 0.2716272
      objectReference: {fileID: 0}
    - target: {fileID: 6234234098580428904, guid: 9bcdc947b2c2438499fdb386ec0f06bf, type: 3}
      propertyPath: m_LocalPosition.y
      value: -0.17302401
      objectReference: {fileID: 0}
    - target: {fileID: 6234234098580428904, guid: 9bcdc947b2c2438499fdb386ec0f06bf, type: 3}
      propertyPath: m_LocalPosition.z
      value: 0.050289392
      objectReference: {fileID: 0}
    - target: {fileID: 6234234098580428904, guid: 9bcdc947b2c2438499fdb386ec0f06bf, type: 3}
      propertyPath: m_LocalRotation.x
      value: -0
      objectReference: {fileID: 0}
    - target: {fileID: 6234234098580428904, guid: 9bcdc947b2c2438499fdb386ec0f06bf, type: 3}
      propertyPath: m_LocalRotation.y
      value: 0.70709723
      objectReference: {fileID: 0}
    - target: {fileID: 6234234098580428904, guid: 9bcdc947b2c2438499fdb386ec0f06bf, type: 3}
      propertyPath: m_LocalRotation.z
      value: -0
      objectReference: {fileID: 0}
    - target: {fileID: 6234234098580428904, guid: 9bcdc947b2c2438499fdb386ec0f06bf, type: 3}
      propertyPath: m_LocalRotation.w
      value: 0.70711637
      objectReference: {fileID: 0}
    - target: {fileID: 6234234098580428904, guid: 9bcdc947b2c2438499fdb386ec0f06bf, type: 3}
      propertyPath: m_RootOrder
      value: 0
      objectReference: {fileID: 0}
    - target: {fileID: 6234234098580428904, guid: 9bcdc947b2c2438499fdb386ec0f06bf, type: 3}
      propertyPath: m_LocalEulerAnglesHint.x
      value: 0
      objectReference: {fileID: 0}
    - target: {fileID: 6234234098580428904, guid: 9bcdc947b2c2438499fdb386ec0f06bf, type: 3}
      propertyPath: m_LocalEulerAnglesHint.y
      value: 89.998
      objectReference: {fileID: 0}
    - target: {fileID: 6234234098580428904, guid: 9bcdc947b2c2438499fdb386ec0f06bf, type: 3}
      propertyPath: m_LocalEulerAnglesHint.z
      value: 0
      objectReference: {fileID: 0}
    - target: {fileID: 6759800018480382674, guid: 9bcdc947b2c2438499fdb386ec0f06bf, type: 3}
      propertyPath: m_Name
      value: knife
      objectReference: {fileID: 0}
    m_RemovedComponents: []
  m_SourcePrefab: {fileID: 100100000, guid: 9bcdc947b2c2438499fdb386ec0f06bf, type: 3}
--- !u!4 &3710013584397453137 stripped
Transform:
  m_CorrespondingSourceObject: {fileID: 6234234098580428904, guid: 9bcdc947b2c2438499fdb386ec0f06bf, type: 3}
  m_PrefabInstance: {fileID: 7347885932040806201}
  m_PrefabAsset: {fileID: 0}
--- !u!1001 &8778647397575829397
PrefabInstance:
  m_ObjectHideFlags: 0
  serializedVersion: 2
  m_Modification:
    m_TransformParent: {fileID: 7247228903072373642}
    m_Modifications:
    - target: {fileID: 1440747787930422026, guid: 4046ab229cbb9c84d9ffed64656b8ec0, type: 3}
      propertyPath: m_LocalPosition.x
      value: -0.055231333
      objectReference: {fileID: 0}
    - target: {fileID: 1440747787930422026, guid: 4046ab229cbb9c84d9ffed64656b8ec0, type: 3}
      propertyPath: m_LocalPosition.y
      value: -0.17118742
      objectReference: {fileID: 0}
    - target: {fileID: 1440747787930422026, guid: 4046ab229cbb9c84d9ffed64656b8ec0, type: 3}
      propertyPath: m_LocalPosition.z
      value: 0.14713788
      objectReference: {fileID: 0}
    - target: {fileID: 1440747787930422026, guid: 4046ab229cbb9c84d9ffed64656b8ec0, type: 3}
      propertyPath: m_LocalRotation.x
      value: -0
      objectReference: {fileID: 0}
    - target: {fileID: 1440747787930422026, guid: 4046ab229cbb9c84d9ffed64656b8ec0, type: 3}
      propertyPath: m_LocalRotation.y
      value: 0.92387867
      objectReference: {fileID: 0}
    - target: {fileID: 1440747787930422026, guid: 4046ab229cbb9c84d9ffed64656b8ec0, type: 3}
      propertyPath: m_LocalRotation.z
      value: -0
      objectReference: {fileID: 0}
    - target: {fileID: 1440747787930422026, guid: 4046ab229cbb9c84d9ffed64656b8ec0, type: 3}
      propertyPath: m_LocalRotation.w
      value: 0.38268548
      objectReference: {fileID: 0}
    - target: {fileID: 1440747787930422026, guid: 4046ab229cbb9c84d9ffed64656b8ec0, type: 3}
      propertyPath: m_RootOrder
      value: 4
      objectReference: {fileID: 0}
    - target: {fileID: 1440747787930422026, guid: 4046ab229cbb9c84d9ffed64656b8ec0, type: 3}
      propertyPath: m_LocalEulerAnglesHint.x
      value: 0
      objectReference: {fileID: 0}
    - target: {fileID: 1440747787930422026, guid: 4046ab229cbb9c84d9ffed64656b8ec0, type: 3}
      propertyPath: m_LocalEulerAnglesHint.y
      value: 135
      objectReference: {fileID: 0}
    - target: {fileID: 1440747787930422026, guid: 4046ab229cbb9c84d9ffed64656b8ec0, type: 3}
      propertyPath: m_LocalEulerAnglesHint.z
      value: 0
      objectReference: {fileID: 0}
    - target: {fileID: 1780400516974875056, guid: 4046ab229cbb9c84d9ffed64656b8ec0, type: 3}
      propertyPath: m_Name
      value: fork (1)
      objectReference: {fileID: 0}
    m_RemovedComponents: []
  m_SourcePrefab: {fileID: 100100000, guid: 4046ab229cbb9c84d9ffed64656b8ec0, type: 3}
--- !u!4 &7650090955574340767 stripped
Transform:
  m_CorrespondingSourceObject: {fileID: 1440747787930422026, guid: 4046ab229cbb9c84d9ffed64656b8ec0, type: 3}
  m_PrefabInstance: {fileID: 8778647397575829397}
  m_PrefabAsset: {fileID: 0}
