%YAML 1.1
%TAG !u! tag:unity3d.com,2011:
--- !u!1 &5939767293165298217
GameObject:
  m_ObjectHideFlags: 0
  m_CorrespondingSourceObject: {fileID: 0}
  m_PrefabInstance: {fileID: 0}
  m_PrefabAsset: {fileID: 0}
  serializedVersion: 6
  m_Component:
  - component: {fileID: 5939767293165298218}
  - component: {fileID: 5939767293165298220}
  - component: {fileID: 5939767293165298219}
  m_Layer: 8
  m_Name: Ak Bullet Holder
  m_TagString: Player
  m_Icon: {fileID: 0}
  m_NavMeshLayer: 0
  m_StaticEditorFlags: 0
  m_IsActive: 1
--- !u!4 &5939767293165298218
Transform:
  m_ObjectHideFlags: 0
  m_CorrespondingSourceObject: {fileID: 0}
  m_PrefabInstance: {fileID: 0}
  m_PrefabAsset: {fileID: 0}
  m_GameObject: {fileID: 5939767293165298217}
  m_LocalRotation: {x: 0.00000009974803, y: 0.7071067, z: -0.00000009974801, w: 0.7071068}
  m_LocalPosition: {x: -0.39913863, y: 0.24875377, z: -0.029556874}
  m_LocalScale: {x: 1.2091937, y: 1.2091937, z: 1.8541832}
  m_Children: []
  m_Father: {fileID: 5939767294731191273}
  m_RootOrder: 1
  m_LocalEulerAnglesHint: {x: 0, y: 0, z: 0}
--- !u!33 &5939767293165298220
MeshFilter:
  m_ObjectHideFlags: 0
  m_CorrespondingSourceObject: {fileID: 0}
  m_PrefabInstance: {fileID: 0}
  m_PrefabAsset: {fileID: 0}
  m_GameObject: {fileID: 5939767293165298217}
  m_Mesh: {fileID: 3369986296380863309, guid: 48a9cfb6b55c7334e9d301e6a24c24c8, type: 3}
--- !u!23 &5939767293165298219
MeshRenderer:
  m_ObjectHideFlags: 0
  m_CorrespondingSourceObject: {fileID: 0}
  m_PrefabInstance: {fileID: 0}
  m_PrefabAsset: {fileID: 0}
  m_GameObject: {fileID: 5939767293165298217}
  m_Enabled: 1
  m_CastShadows: 1
  m_ReceiveShadows: 1
  m_DynamicOccludee: 1
  m_MotionVectors: 1
  m_LightProbeUsage: 1
  m_ReflectionProbeUsage: 1
  m_RayTracingMode: 2
  m_RayTraceProcedural: 0
  m_RenderingLayerMask: 1
  m_RendererPriority: 0
  m_Materials:
  - {fileID: 131695951205099084, guid: 48a9cfb6b55c7334e9d301e6a24c24c8, type: 3}
  - {fileID: -8896051167825165466, guid: 48a9cfb6b55c7334e9d301e6a24c24c8, type: 3}
  m_StaticBatchInfo:
    firstSubMesh: 0
    subMeshCount: 0
  m_StaticBatchRoot: {fileID: 0}
  m_ProbeAnchor: {fileID: 0}
  m_LightProbeVolumeOverride: {fileID: 0}
  m_ScaleInLightmap: 1
  m_ReceiveGI: 1
  m_PreserveUVs: 0
  m_IgnoreNormalsForChartDetection: 0
  m_ImportantGI: 0
  m_StitchLightmapSeams: 1
  m_SelectedEditorRenderState: 3
  m_MinimumChartSize: 4
  m_AutoUVMaxDistance: 0.5
  m_AutoUVMaxAngle: 89
  m_LightmapParameters: {fileID: 0}
  m_SortingLayerID: 0
  m_SortingLayer: 0
  m_SortingOrder: 0
  m_AdditionalVertexStreams: {fileID: 0}
--- !u!1 &5939767293950128865
GameObject:
  m_ObjectHideFlags: 0
  m_CorrespondingSourceObject: {fileID: 0}
  m_PrefabInstance: {fileID: 0}
  m_PrefabAsset: {fileID: 0}
  serializedVersion: 6
  m_Component:
  - component: {fileID: 5939767293950128866}
  m_Layer: 8
  m_Name: AK_AttackPoint
  m_TagString: Player
  m_Icon: {fileID: 7866945982896999795, guid: 0000000000000000d000000000000000, type: 0}
  m_NavMeshLayer: 0
  m_StaticEditorFlags: 0
  m_IsActive: 1
--- !u!4 &5939767293950128866
Transform:
  m_ObjectHideFlags: 0
  m_CorrespondingSourceObject: {fileID: 0}
  m_PrefabInstance: {fileID: 0}
  m_PrefabAsset: {fileID: 0}
  m_GameObject: {fileID: 5939767293950128865}
  m_LocalRotation: {x: 0, y: 0.7071068, z: 0, w: 0.7071068}
  m_LocalPosition: {x: 0.7698, y: -0, z: -0}
  m_LocalScale: {x: 1, y: 1, z: 1}
  m_Children: []
  m_Father: {fileID: 5939767294772409772}
  m_RootOrder: 0
  m_LocalEulerAnglesHint: {x: 0, y: 90, z: 0}
--- !u!1 &5939767294731191272
GameObject:
  m_ObjectHideFlags: 0
  m_CorrespondingSourceObject: {fileID: 0}
  m_PrefabInstance: {fileID: 0}
  m_PrefabAsset: {fileID: 0}
  serializedVersion: 6
  m_Component:
  - component: {fileID: 5939767294731191273}
  - component: {fileID: 5939767294731191274}
  m_Layer: 8
  m_Name: ak_2_sam (2)
  m_TagString: Player
  m_Icon: {fileID: 0}
  m_NavMeshLayer: 0
  m_StaticEditorFlags: 0
  m_IsActive: 0
--- !u!4 &5939767294731191273
Transform:
  m_ObjectHideFlags: 0
  m_CorrespondingSourceObject: {fileID: 0}
  m_PrefabInstance: {fileID: 0}
  m_PrefabAsset: {fileID: 0}
  m_GameObject: {fileID: 5939767294731191272}
  m_LocalRotation: {x: -0.003821089, y: -0.6753016, z: 0.007837759, w: -0.7374902}
  m_LocalPosition: {x: 0.16512871, y: 0.40247035, z: 1.0028915}
  m_LocalScale: {x: 0.6000002, y: 0.6000001, z: 0.6000003}
  m_Children:
  - {fileID: 5939767294772409772}
  - {fileID: 5939767293165298218}
  - {fileID: 5939767295154808292}
  m_Father: {fileID: 0}
  m_RootOrder: 0
  m_LocalEulerAnglesHint: {x: -7.033, y: 26.355, z: 67.207}
--- !u!114 &5939767294731191274
MonoBehaviour:
  m_ObjectHideFlags: 0
  m_CorrespondingSourceObject: {fileID: 0}
  m_PrefabInstance: {fileID: 0}
  m_PrefabAsset: {fileID: 0}
  m_GameObject: {fileID: 5939767294731191272}
  m_Enabled: 1
  m_EditorHideFlags: 0
  m_Script: {fileID: 11500000, guid: e85c75ec43ed9a74d83e5075cc3c0675, type: 3}
  m_Name: 
  m_EditorClassIdentifier: 
  weaponName: AK-47 V0
  type: 2
  iconPrefab: {fileID: 6024749285274964422, guid: a196f0ca32216814d87aa28e74922868, type: 3}
  gameobjectNameInAnimation: ak_2_sam (2)
  shootForce: 1000
  upwardForce: 0
  timeBetweeShooting: 0.1
  spread: 0.1
  reloadTime: 6.1
  timeBetweenShots: 0
  magazineSize: 100
  bulletsPerTap: 1
  allowButtonHold: 1
  fpsCam: {fileID: 0}
  attackPoint: {fileID: 5939767293950128866}
  anim: {fileID: 0}
  muzzleFlash: {fileID: 1000010254994808, guid: 9defeac88977c0d448aa4541073ee9e4, type: 3}
  ammunitionDisplay: {fileID: 0}
  playerRb: {fileID: 0}
  recoilForce: 20
  allowInvoke: 1
--- !u!1 &5939767294772409771
GameObject:
  m_ObjectHideFlags: 0
  m_CorrespondingSourceObject: {fileID: 0}
  m_PrefabInstance: {fileID: 0}
  m_PrefabAsset: {fileID: 0}
  serializedVersion: 6
  m_Component:
  - component: {fileID: 5939767294772409772}
  - component: {fileID: 5939767294772409774}
  - component: {fileID: 5939767294772409773}
  m_Layer: 8
  m_Name: AK Body
  m_TagString: Player
  m_Icon: {fileID: 0}
  m_NavMeshLayer: 0
  m_StaticEditorFlags: 0
  m_IsActive: 1
--- !u!4 &5939767294772409772
Transform:
  m_ObjectHideFlags: 0
  m_CorrespondingSourceObject: {fileID: 0}
  m_PrefabInstance: {fileID: 0}
  m_PrefabAsset: {fileID: 0}
  m_GameObject: {fileID: 5939767294772409771}
  m_LocalRotation: {x: 5.3710186e-14, y: 1, z: -0.000000141065, w: 0.0000004331258}
  m_LocalPosition: {x: -0.8164422, y: 0.17602587, z: -0.056228917}
  m_LocalScale: {x: 2.54, y: 2.5399995, z: 2.5399995}
  m_Children:
  - {fileID: 5939767293950128866}
  m_Father: {fileID: 5939767294731191273}
  m_RootOrder: 0
  m_LocalEulerAnglesHint: {x: 0, y: 0, z: 0}
--- !u!33 &5939767294772409774
MeshFilter:
  m_ObjectHideFlags: 0
  m_CorrespondingSourceObject: {fileID: 0}
  m_PrefabInstance: {fileID: 0}
  m_PrefabAsset: {fileID: 0}
  m_GameObject: {fileID: 5939767294772409771}
  m_Mesh: {fileID: 3109854542334217216, guid: 48a9cfb6b55c7334e9d301e6a24c24c8, type: 3}
--- !u!23 &5939767294772409773
MeshRenderer:
  m_ObjectHideFlags: 0
  m_CorrespondingSourceObject: {fileID: 0}
  m_PrefabInstance: {fileID: 0}
  m_PrefabAsset: {fileID: 0}
  m_GameObject: {fileID: 5939767294772409771}
  m_Enabled: 1
  m_CastShadows: 1
  m_ReceiveShadows: 1
  m_DynamicOccludee: 1
  m_MotionVectors: 1
  m_LightProbeUsage: 1
  m_ReflectionProbeUsage: 1
  m_RayTracingMode: 2
  m_RayTraceProcedural: 0
  m_RenderingLayerMask: 1
  m_RendererPriority: 0
  m_Materials:
  - {fileID: -8896051167825165466, guid: 48a9cfb6b55c7334e9d301e6a24c24c8, type: 3}
  - {fileID: -8067726398312463513, guid: 48a9cfb6b55c7334e9d301e6a24c24c8, type: 3}
  - {fileID: 131695951205099084, guid: 48a9cfb6b55c7334e9d301e6a24c24c8, type: 3}
  m_StaticBatchInfo:
    firstSubMesh: 0
    subMeshCount: 0
  m_StaticBatchRoot: {fileID: 0}
  m_ProbeAnchor: {fileID: 0}
  m_LightProbeVolumeOverride: {fileID: 0}
  m_ScaleInLightmap: 1
  m_ReceiveGI: 1
  m_PreserveUVs: 0
  m_IgnoreNormalsForChartDetection: 0
  m_ImportantGI: 0
  m_StitchLightmapSeams: 1
  m_SelectedEditorRenderState: 3
  m_MinimumChartSize: 4
  m_AutoUVMaxDistance: 0.5
  m_AutoUVMaxAngle: 89
  m_LightmapParameters: {fileID: 0}
  m_SortingLayerID: 0
  m_SortingLayer: 0
  m_SortingOrder: 0
  m_AdditionalVertexStreams: {fileID: 0}
--- !u!1 &5939767295154808291
GameObject:
  m_ObjectHideFlags: 0
  m_CorrespondingSourceObject: {fileID: 0}
  m_PrefabInstance: {fileID: 0}
  m_PrefabAsset: {fileID: 0}
  serializedVersion: 6
  m_Component:
  - component: {fileID: 5939767295154808292}
  - component: {fileID: 5939767295154808294}
  - component: {fileID: 5939767295154808293}
  m_Layer: 8
  m_Name: Ak Magazin
  m_TagString: Player
  m_Icon: {fileID: 0}
  m_NavMeshLayer: 0
  m_StaticEditorFlags: 0
  m_IsActive: 1
--- !u!4 &5939767295154808292
Transform:
  m_ObjectHideFlags: 0
  m_CorrespondingSourceObject: {fileID: 0}
  m_PrefabInstance: {fileID: 0}
  m_PrefabAsset: {fileID: 0}
  m_GameObject: {fileID: 5939767295154808291}
  m_LocalRotation: {x: 5.032039e-14, y: 1, z: -0.000000141065, w: 0.0000005523351}
  m_LocalPosition: {x: -0.31793174, y: -0.2743721, z: -0.06501032}
  m_LocalScale: {x: 2.54, y: 2.5399995, z: 2.5399995}
  m_Children: []
  m_Father: {fileID: 5939767294731191273}
  m_RootOrder: 2
  m_LocalEulerAnglesHint: {x: 0, y: 0, z: 0}
--- !u!33 &5939767295154808294
MeshFilter:
  m_ObjectHideFlags: 0
  m_CorrespondingSourceObject: {fileID: 0}
  m_PrefabInstance: {fileID: 0}
  m_PrefabAsset: {fileID: 0}
  m_GameObject: {fileID: 5939767295154808291}
  m_Mesh: {fileID: 1014719724446616577, guid: 48a9cfb6b55c7334e9d301e6a24c24c8, type: 3}
--- !u!23 &5939767295154808293
MeshRenderer:
  m_ObjectHideFlags: 0
  m_CorrespondingSourceObject: {fileID: 0}
  m_PrefabInstance: {fileID: 0}
  m_PrefabAsset: {fileID: 0}
  m_GameObject: {fileID: 5939767295154808291}
  m_Enabled: 1
  m_CastShadows: 1
  m_ReceiveShadows: 1
  m_DynamicOccludee: 1
  m_MotionVectors: 1
  m_LightProbeUsage: 1
  m_ReflectionProbeUsage: 1
  m_RayTracingMode: 2
  m_RayTraceProcedural: 0
  m_RenderingLayerMask: 1
  m_RendererPriority: 0
  m_Materials:
  - {fileID: -8896051167825165466, guid: 48a9cfb6b55c7334e9d301e6a24c24c8, type: 3}
  m_StaticBatchInfo:
    firstSubMesh: 0
    subMeshCount: 0
  m_StaticBatchRoot: {fileID: 0}
  m_ProbeAnchor: {fileID: 0}
  m_LightProbeVolumeOverride: {fileID: 0}
  m_ScaleInLightmap: 1
  m_ReceiveGI: 1
  m_PreserveUVs: 0
  m_IgnoreNormalsForChartDetection: 0
  m_ImportantGI: 0
  m_StitchLightmapSeams: 1
  m_SelectedEditorRenderState: 3
  m_MinimumChartSize: 4
  m_AutoUVMaxDistance: 0.5
  m_AutoUVMaxAngle: 89
  m_LightmapParameters: {fileID: 0}
  m_SortingLayerID: 0
  m_SortingLayer: 0
  m_SortingOrder: 0
  m_AdditionalVertexStreams: {fileID: 0}
