%YAML 1.1
%TAG !u! tag:unity3d.com,2011:
--- !u!1 &1563807085429450887
GameObject:
  m_ObjectHideFlags: 0
  m_CorrespondingSourceObject: {fileID: 0}
  m_PrefabInstance: {fileID: 0}
  m_PrefabAsset: {fileID: 0}
  serializedVersion: 6
  m_Component:
  - component: {fileID: 2895536546803756911}
  m_Layer: 8
  m_Name: FirePoint
  m_TagString: Untagged
  m_Icon: {fileID: 0}
  m_NavMeshLayer: 0
  m_StaticEditorFlags: 0
  m_IsActive: 1
--- !u!4 &2895536546803756911
Transform:
  m_ObjectHideFlags: 0
  m_CorrespondingSourceObject: {fileID: 0}
  m_PrefabInstance: {fileID: 0}
  m_PrefabAsset: {fileID: 0}
  m_GameObject: {fileID: 1563807085429450887}
  m_LocalRotation: {x: 0.5000001, y: 0.49999994, z: 0.5, w: 0.50000006}
  m_LocalPosition: {x: 0.6929864, y: -0.0000011026859, z: 0.30599982}
  m_LocalScale: {x: 2, y: 2, z: 2}
  m_Children: []
  m_Father: {fileID: 5244490899551354347}
  m_RootOrder: 2
  m_LocalEulerAnglesHint: {x: 0, y: 90, z: 90}
--- !u!1 &6240403293356588474
GameObject:
  m_ObjectHideFlags: 0
  m_CorrespondingSourceObject: {fileID: 0}
  m_PrefabInstance: {fileID: 0}
  m_PrefabAsset: {fileID: 0}
  serializedVersion: 6
  m_Component:
  - component: {fileID: 6240403293356588475}
  - component: {fileID: 7089124699081002988}
  - component: {fileID: 8798962876935195847}
  m_Layer: 8
  m_Name: 1911
  m_TagString: Untagged
  m_Icon: {fileID: 0}
  m_NavMeshLayer: 0
  m_StaticEditorFlags: 0
  m_IsActive: 1
--- !u!4 &6240403293356588475
Transform:
  m_ObjectHideFlags: 0
  m_CorrespondingSourceObject: {fileID: 0}
  m_PrefabInstance: {fileID: 0}
  m_PrefabAsset: {fileID: 0}
  m_GameObject: {fileID: 6240403293356588474}
  m_LocalRotation: {x: 0, y: 0, z: 0, w: 1}
  m_LocalPosition: {x: 0, y: 0, z: 0}
  m_LocalScale: {x: 1, y: 1, z: 1}
  m_Children:
  - {fileID: 5244490899551354347}
  m_Father: {fileID: 0}
  m_RootOrder: 0
  m_LocalEulerAnglesHint: {x: 0, y: 0, z: 0}
--- !u!114 &7089124699081002988
MonoBehaviour:
  m_ObjectHideFlags: 0
  m_CorrespondingSourceObject: {fileID: 0}
  m_PrefabInstance: {fileID: 0}
  m_PrefabAsset: {fileID: 0}
  m_GameObject: {fileID: 6240403293356588474}
  m_Enabled: 1
  m_EditorHideFlags: 0
  m_Script: {fileID: 11500000, guid: 7210bbc02c2335640b5b719ae00cfc5d, type: 3}
  m_Name: 
  m_EditorClassIdentifier: 
  firePoint: {fileID: 2895536546803756911}
  muzzleVelocity: 600
  reloadTime: 2
  magazineCap: 15
  inMag: 15
  rof_rpm: 85
  auto: 0
  spreadFactor: 0
--- !u!114 &8798962876935195847
MonoBehaviour:
  m_ObjectHideFlags: 0
  m_CorrespondingSourceObject: {fileID: 0}
  m_PrefabInstance: {fileID: 0}
  m_PrefabAsset: {fileID: 0}
  m_GameObject: {fileID: 6240403293356588474}
  m_Enabled: 1
  m_EditorHideFlags: 0
  m_Script: {fileID: 11500000, guid: 6d0dfc5a477d32448bc8e122be17036c, type: 3}
  m_Name: 
  m_EditorClassIdentifier: 
  weaponName: 1911
  description: 
  category: 2
  animationLayer: 2
  iconPrefab: {fileID: 1328823380463685891, guid: 45b9752859c152e40956e37b17b0d311, type: 3}
  behaviour: {fileID: 7089124699081002988}
--- !u!1001 &5711292009742572032
PrefabInstance:
  m_ObjectHideFlags: 0
  serializedVersion: 2
  m_Modification:
    m_TransformParent: {fileID: 6240403293356588475}
    m_Modifications:
    - target: {fileID: -8679921383154817045, guid: 2f6748654695b324b9bc66dcf0cf3de1, type: 3}
      propertyPath: m_LocalPosition.x
      value: -0.042
      objectReference: {fileID: 0}
    - target: {fileID: -8679921383154817045, guid: 2f6748654695b324b9bc66dcf0cf3de1, type: 3}
      propertyPath: m_LocalPosition.y
      value: 0.066
      objectReference: {fileID: 0}
    - target: {fileID: -8679921383154817045, guid: 2f6748654695b324b9bc66dcf0cf3de1, type: 3}
      propertyPath: m_LocalPosition.z
      value: 0.422
      objectReference: {fileID: 0}
    - target: {fileID: -8679921383154817045, guid: 2f6748654695b324b9bc66dcf0cf3de1, type: 3}
      propertyPath: m_LocalRotation.x
      value: -0.58747745
      objectReference: {fileID: 0}
    - target: {fileID: -8679921383154817045, guid: 2f6748654695b324b9bc66dcf0cf3de1, type: 3}
      propertyPath: m_LocalRotation.y
      value: -0.39353564
      objectReference: {fileID: 0}
    - target: {fileID: -8679921383154817045, guid: 2f6748654695b324b9bc66dcf0cf3de1, type: 3}
      propertyPath: m_LocalRotation.z
      value: -0.5874774
      objectReference: {fileID: 0}
    - target: {fileID: -8679921383154817045, guid: 2f6748654695b324b9bc66dcf0cf3de1, type: 3}
      propertyPath: m_LocalRotation.w
      value: 0.3935357
      objectReference: {fileID: 0}
    - target: {fileID: -8679921383154817045, guid: 2f6748654695b324b9bc66dcf0cf3de1, type: 3}
      propertyPath: m_RootOrder
      value: 0
      objectReference: {fileID: 0}
    - target: {fileID: -8679921383154817045, guid: 2f6748654695b324b9bc66dcf0cf3de1, type: 3}
      propertyPath: m_LocalEulerAnglesHint.x
      value: -112.366
      objectReference: {fileID: 0}
    - target: {fileID: -8679921383154817045, guid: 2f6748654695b324b9bc66dcf0cf3de1, type: 3}
      propertyPath: m_LocalEulerAnglesHint.y
      value: -90
      objectReference: {fileID: 0}
    - target: {fileID: -8679921383154817045, guid: 2f6748654695b324b9bc66dcf0cf3de1, type: 3}
      propertyPath: m_LocalEulerAnglesHint.z
      value: 0
      objectReference: {fileID: 0}
    - target: {fileID: -8679921383154817045, guid: 2f6748654695b324b9bc66dcf0cf3de1, type: 3}
      propertyPath: m_LocalScale.x
      value: 0.5
      objectReference: {fileID: 0}
    - target: {fileID: -8679921383154817045, guid: 2f6748654695b324b9bc66dcf0cf3de1, type: 3}
      propertyPath: m_LocalScale.y
      value: 0.5
      objectReference: {fileID: 0}
    - target: {fileID: -8679921383154817045, guid: 2f6748654695b324b9bc66dcf0cf3de1, type: 3}
      propertyPath: m_LocalScale.z
      value: 0.5
      objectReference: {fileID: 0}
    - target: {fileID: -6190384668574428827, guid: 2f6748654695b324b9bc66dcf0cf3de1, type: 3}
      propertyPath: m_Layer
      value: 8
      objectReference: {fileID: 0}
    - target: {fileID: 919132149155446097, guid: 2f6748654695b324b9bc66dcf0cf3de1, type: 3}
      propertyPath: m_Name
      value: 1911_low
      objectReference: {fileID: 0}
    - target: {fileID: 919132149155446097, guid: 2f6748654695b324b9bc66dcf0cf3de1, type: 3}
      propertyPath: m_Layer
      value: 8
      objectReference: {fileID: 0}
    - target: {fileID: 1408510794587980044, guid: 2f6748654695b324b9bc66dcf0cf3de1, type: 3}
      propertyPath: m_Materials.Array.data[0]
      value: 
      objectReference: {fileID: 2100000, guid: e6b781f668abd964bab50ea284a4997d, type: 2}
    - target: {fileID: 2858106465239521356, guid: 2f6748654695b324b9bc66dcf0cf3de1, type: 3}
      propertyPath: m_Layer
      value: 8
      objectReference: {fileID: 0}
    - target: {fileID: 7529055839980180107, guid: 2f6748654695b324b9bc66dcf0cf3de1, type: 3}
      propertyPath: m_Materials.Array.data[0]
      value: 
      objectReference: {fileID: 2100000, guid: e6b781f668abd964bab50ea284a4997d, type: 2}
    m_RemovedComponents: []
  m_SourcePrefab: {fileID: 100100000, guid: 2f6748654695b324b9bc66dcf0cf3de1, type: 3}
--- !u!4 &5244490899551354347 stripped
Transform:
  m_CorrespondingSourceObject: {fileID: -8679921383154817045, guid: 2f6748654695b324b9bc66dcf0cf3de1, type: 3}
  m_PrefabInstance: {fileID: 5711292009742572032}
  m_PrefabAsset: {fileID: 0}
