%YAML 1.1
%TAG !u! tag:unity3d.com,2011:
--- !u!1 &581361375701839166
GameObject:
  m_ObjectHideFlags: 0
  m_CorrespondingSourceObject: {fileID: 0}
  m_PrefabInstance: {fileID: 0}
  m_PrefabAsset: {fileID: 0}
  serializedVersion: 6
  m_Component:
  - component: {fileID: 474490692524481241}
  m_Layer: 0
  m_Name: Knife_Set
  m_TagString: Untagged
  m_Icon: {fileID: 0}
  m_NavMeshLayer: 0
  m_StaticEditorFlags: 0
  m_IsActive: 1
--- !u!4 &474490692524481241
Transform:
  m_ObjectHideFlags: 0
  m_CorrespondingSourceObject: {fileID: 0}
  m_PrefabInstance: {fileID: 0}
  m_PrefabAsset: {fileID: 0}
  m_GameObject: {fileID: 581361375701839166}
  m_LocalRotation: {x: 0, y: 0, z: 0, w: 1}
  m_LocalPosition: {x: -24.189774, y: 0.6735234, z: -6.0688214}
  m_LocalScale: {x: 1, y: 1, z: 1}
  m_Children:
  - {fileID: 8374382516164927917}
  - {fileID: 2604565568026372994}
  - {fileID: 5003988560444408428}
  - {fileID: 8706434273546125319}
  - {fileID: 3816122879430474729}
  m_Father: {fileID: 0}
  m_RootOrder: 0
  m_LocalEulerAnglesHint: {x: 0, y: 0, z: 0}
--- !u!1001 &2571555287820504169
PrefabInstance:
  m_ObjectHideFlags: 0
  serializedVersion: 2
  m_Modification:
    m_TransformParent: {fileID: 474490692524481241}
    m_Modifications:
    - target: {fileID: -8679921383154817045, guid: e126e113f7a16e443a1203df77a0ef7e, type: 3}
      propertyPath: m_LocalPosition.x
      value: 0.03977394
      objectReference: {fileID: 0}
    - target: {fileID: -8679921383154817045, guid: e126e113f7a16e443a1203df77a0ef7e, type: 3}
      propertyPath: m_LocalPosition.y
      value: -0.06603342
      objectReference: {fileID: 0}
    - target: {fileID: -8679921383154817045, guid: e126e113f7a16e443a1203df77a0ef7e, type: 3}
      propertyPath: m_LocalPosition.z
      value: 0.0612216
      objectReference: {fileID: 0}
    - target: {fileID: -8679921383154817045, guid: e126e113f7a16e443a1203df77a0ef7e, type: 3}
      propertyPath: m_LocalRotation.x
      value: 0.000000044703484
      objectReference: {fileID: 0}
    - target: {fileID: -8679921383154817045, guid: e126e113f7a16e443a1203df77a0ef7e, type: 3}
      propertyPath: m_LocalRotation.y
      value: -0
      objectReference: {fileID: 0}
    - target: {fileID: -8679921383154817045, guid: e126e113f7a16e443a1203df77a0ef7e, type: 3}
      propertyPath: m_LocalRotation.z
      value: -0
      objectReference: {fileID: 0}
    - target: {fileID: -8679921383154817045, guid: e126e113f7a16e443a1203df77a0ef7e, type: 3}
      propertyPath: m_LocalRotation.w
      value: 1
      objectReference: {fileID: 0}
    - target: {fileID: -8679921383154817045, guid: e126e113f7a16e443a1203df77a0ef7e, type: 3}
      propertyPath: m_RootOrder
      value: 1
      objectReference: {fileID: 0}
    - target: {fileID: -8679921383154817045, guid: e126e113f7a16e443a1203df77a0ef7e, type: 3}
      propertyPath: m_LocalEulerAnglesHint.x
      value: 0
      objectReference: {fileID: 0}
    - target: {fileID: -8679921383154817045, guid: e126e113f7a16e443a1203df77a0ef7e, type: 3}
      propertyPath: m_LocalEulerAnglesHint.y
      value: 0
      objectReference: {fileID: 0}
    - target: {fileID: -8679921383154817045, guid: e126e113f7a16e443a1203df77a0ef7e, type: 3}
      propertyPath: m_LocalEulerAnglesHint.z
      value: 0
      objectReference: {fileID: 0}
    - target: {fileID: -8679921383154817045, guid: e126e113f7a16e443a1203df77a0ef7e, type: 3}
      propertyPath: m_LocalScale.x
      value: 0.009560358
      objectReference: {fileID: 0}
    - target: {fileID: -8679921383154817045, guid: e126e113f7a16e443a1203df77a0ef7e, type: 3}
      propertyPath: m_LocalScale.y
      value: 0.009560358
      objectReference: {fileID: 0}
    - target: {fileID: -8679921383154817045, guid: e126e113f7a16e443a1203df77a0ef7e, type: 3}
      propertyPath: m_LocalScale.z
      value: 0.009560358
      objectReference: {fileID: 0}
    - target: {fileID: 919132149155446097, guid: e126e113f7a16e443a1203df77a0ef7e, type: 3}
      propertyPath: m_Name
      value: wrench knife (2)
      objectReference: {fileID: 0}
    m_RemovedComponents: []
  m_SourcePrefab: {fileID: 100100000, guid: e126e113f7a16e443a1203df77a0ef7e, type: 3}
--- !u!4 &2604565568026372994 stripped
Transform:
  m_CorrespondingSourceObject: {fileID: -8679921383154817045, guid: e126e113f7a16e443a1203df77a0ef7e, type: 3}
  m_PrefabInstance: {fileID: 2571555287820504169}
  m_PrefabAsset: {fileID: 0}
--- !u!1001 &3710736257325521922
PrefabInstance:
  m_ObjectHideFlags: 0
  serializedVersion: 2
  m_Modification:
    m_TransformParent: {fileID: 474490692524481241}
    m_Modifications:
    - target: {fileID: -8679921383154817045, guid: e126e113f7a16e443a1203df77a0ef7e, type: 3}
      propertyPath: m_LocalPosition.x
      value: -0.06622696
      objectReference: {fileID: 0}
    - target: {fileID: -8679921383154817045, guid: e126e113f7a16e443a1203df77a0ef7e, type: 3}
      propertyPath: m_LocalPosition.y
      value: -0.11792344
      objectReference: {fileID: 0}
    - target: {fileID: -8679921383154817045, guid: e126e113f7a16e443a1203df77a0ef7e, type: 3}
      propertyPath: m_LocalPosition.z
      value: 0.060821533
      objectReference: {fileID: 0}
    - target: {fileID: -8679921383154817045, guid: e126e113f7a16e443a1203df77a0ef7e, type: 3}
      propertyPath: m_LocalRotation.x
      value: 0.000000044703484
      objectReference: {fileID: 0}
    - target: {fileID: -8679921383154817045, guid: e126e113f7a16e443a1203df77a0ef7e, type: 3}
      propertyPath: m_LocalRotation.y
      value: -0
      objectReference: {fileID: 0}
    - target: {fileID: -8679921383154817045, guid: e126e113f7a16e443a1203df77a0ef7e, type: 3}
      propertyPath: m_LocalRotation.z
      value: -0
      objectReference: {fileID: 0}
    - target: {fileID: -8679921383154817045, guid: e126e113f7a16e443a1203df77a0ef7e, type: 3}
      propertyPath: m_LocalRotation.w
      value: 1
      objectReference: {fileID: 0}
    - target: {fileID: -8679921383154817045, guid: e126e113f7a16e443a1203df77a0ef7e, type: 3}
      propertyPath: m_RootOrder
      value: 4
      objectReference: {fileID: 0}
    - target: {fileID: -8679921383154817045, guid: e126e113f7a16e443a1203df77a0ef7e, type: 3}
      propertyPath: m_LocalEulerAnglesHint.x
      value: 0
      objectReference: {fileID: 0}
    - target: {fileID: -8679921383154817045, guid: e126e113f7a16e443a1203df77a0ef7e, type: 3}
      propertyPath: m_LocalEulerAnglesHint.y
      value: 0
      objectReference: {fileID: 0}
    - target: {fileID: -8679921383154817045, guid: e126e113f7a16e443a1203df77a0ef7e, type: 3}
      propertyPath: m_LocalEulerAnglesHint.z
      value: 0
      objectReference: {fileID: 0}
    - target: {fileID: -8679921383154817045, guid: e126e113f7a16e443a1203df77a0ef7e, type: 3}
      propertyPath: m_LocalScale.x
      value: 0.01715734
      objectReference: {fileID: 0}
    - target: {fileID: -8679921383154817045, guid: e126e113f7a16e443a1203df77a0ef7e, type: 3}
      propertyPath: m_LocalScale.y
      value: 0.01715734
      objectReference: {fileID: 0}
    - target: {fileID: -8679921383154817045, guid: e126e113f7a16e443a1203df77a0ef7e, type: 3}
      propertyPath: m_LocalScale.z
      value: 0.01715734
      objectReference: {fileID: 0}
    - target: {fileID: 919132149155446097, guid: e126e113f7a16e443a1203df77a0ef7e, type: 3}
      propertyPath: m_Name
      value: wrench knife
      objectReference: {fileID: 0}
    m_RemovedComponents: []
  m_SourcePrefab: {fileID: 100100000, guid: e126e113f7a16e443a1203df77a0ef7e, type: 3}
--- !u!4 &3816122879430474729 stripped
Transform:
  m_CorrespondingSourceObject: {fileID: -8679921383154817045, guid: e126e113f7a16e443a1203df77a0ef7e, type: 3}
  m_PrefabInstance: {fileID: 3710736257325521922}
  m_PrefabAsset: {fileID: 0}
--- !u!1001 &4826456270981899655
PrefabInstance:
  m_ObjectHideFlags: 0
  serializedVersion: 2
  m_Modification:
    m_TransformParent: {fileID: 474490692524481241}
    m_Modifications:
    - target: {fileID: -8679921383154817045, guid: e126e113f7a16e443a1203df77a0ef7e, type: 3}
      propertyPath: m_LocalPosition.x
      value: 0.07577324
      objectReference: {fileID: 0}
    - target: {fileID: -8679921383154817045, guid: e126e113f7a16e443a1203df77a0ef7e, type: 3}
      propertyPath: m_LocalPosition.y
      value: -0.044593453
      objectReference: {fileID: 0}
    - target: {fileID: -8679921383154817045, guid: e126e113f7a16e443a1203df77a0ef7e, type: 3}
      propertyPath: m_LocalPosition.z
      value: 0.061421394
      objectReference: {fileID: 0}
    - target: {fileID: -8679921383154817045, guid: e126e113f7a16e443a1203df77a0ef7e, type: 3}
      propertyPath: m_LocalRotation.x
      value: 0.000000044703484
      objectReference: {fileID: 0}
    - target: {fileID: -8679921383154817045, guid: e126e113f7a16e443a1203df77a0ef7e, type: 3}
      propertyPath: m_LocalRotation.y
      value: -0
      objectReference: {fileID: 0}
    - target: {fileID: -8679921383154817045, guid: e126e113f7a16e443a1203df77a0ef7e, type: 3}
      propertyPath: m_LocalRotation.z
      value: -0
      objectReference: {fileID: 0}
    - target: {fileID: -8679921383154817045, guid: e126e113f7a16e443a1203df77a0ef7e, type: 3}
      propertyPath: m_LocalRotation.w
      value: 1
      objectReference: {fileID: 0}
    - target: {fileID: -8679921383154817045, guid: e126e113f7a16e443a1203df77a0ef7e, type: 3}
      propertyPath: m_RootOrder
      value: 2
      objectReference: {fileID: 0}
    - target: {fileID: -8679921383154817045, guid: e126e113f7a16e443a1203df77a0ef7e, type: 3}
      propertyPath: m_LocalEulerAnglesHint.x
      value: 0
      objectReference: {fileID: 0}
    - target: {fileID: -8679921383154817045, guid: e126e113f7a16e443a1203df77a0ef7e, type: 3}
      propertyPath: m_LocalEulerAnglesHint.y
      value: 0
      objectReference: {fileID: 0}
    - target: {fileID: -8679921383154817045, guid: e126e113f7a16e443a1203df77a0ef7e, type: 3}
      propertyPath: m_LocalEulerAnglesHint.z
      value: 0
      objectReference: {fileID: 0}
    - target: {fileID: -8679921383154817045, guid: e126e113f7a16e443a1203df77a0ef7e, type: 3}
      propertyPath: m_LocalScale.x
      value: 0.0064218836
      objectReference: {fileID: 0}
    - target: {fileID: -8679921383154817045, guid: e126e113f7a16e443a1203df77a0ef7e, type: 3}
      propertyPath: m_LocalScale.y
      value: 0.0064218836
      objectReference: {fileID: 0}
    - target: {fileID: -8679921383154817045, guid: e126e113f7a16e443a1203df77a0ef7e, type: 3}
      propertyPath: m_LocalScale.z
      value: 0.0064218836
      objectReference: {fileID: 0}
    - target: {fileID: 919132149155446097, guid: e126e113f7a16e443a1203df77a0ef7e, type: 3}
      propertyPath: m_Name
      value: wrench knife (3)
      objectReference: {fileID: 0}
    m_RemovedComponents: []
  m_SourcePrefab: {fileID: 100100000, guid: e126e113f7a16e443a1203df77a0ef7e, type: 3}
--- !u!4 &5003988560444408428 stripped
Transform:
  m_CorrespondingSourceObject: {fileID: -8679921383154817045, guid: e126e113f7a16e443a1203df77a0ef7e, type: 3}
  m_PrefabInstance: {fileID: 4826456270981899655}
  m_PrefabAsset: {fileID: 0}
--- !u!1001 &8339947403784078918
PrefabInstance:
  m_ObjectHideFlags: 0
  serializedVersion: 2
  m_Modification:
    m_TransformParent: {fileID: 474490692524481241}
    m_Modifications:
    - target: {fileID: -8679921383154817045, guid: e126e113f7a16e443a1203df77a0ef7e, type: 3}
      propertyPath: m_LocalPosition.x
      value: -0.007226944
      objectReference: {fileID: 0}
    - target: {fileID: -8679921383154817045, guid: e126e113f7a16e443a1203df77a0ef7e, type: 3}
      propertyPath: m_LocalPosition.y
      value: -0.09048343
      objectReference: {fileID: 0}
    - target: {fileID: -8679921383154817045, guid: e126e113f7a16e443a1203df77a0ef7e, type: 3}
      propertyPath: m_LocalPosition.z
      value: 0.061021328
      objectReference: {fileID: 0}
    - target: {fileID: -8679921383154817045, guid: e126e113f7a16e443a1203df77a0ef7e, type: 3}
      propertyPath: m_LocalRotation.x
      value: 0.000000044703484
      objectReference: {fileID: 0}
    - target: {fileID: -8679921383154817045, guid: e126e113f7a16e443a1203df77a0ef7e, type: 3}
      propertyPath: m_LocalRotation.y
      value: -0
      objectReference: {fileID: 0}
    - target: {fileID: -8679921383154817045, guid: e126e113f7a16e443a1203df77a0ef7e, type: 3}
      propertyPath: m_LocalRotation.z
      value: -0
      objectReference: {fileID: 0}
    - target: {fileID: -8679921383154817045, guid: e126e113f7a16e443a1203df77a0ef7e, type: 3}
      propertyPath: m_LocalRotation.w
      value: 1
      objectReference: {fileID: 0}
    - target: {fileID: -8679921383154817045, guid: e126e113f7a16e443a1203df77a0ef7e, type: 3}
      propertyPath: m_RootOrder
      value: 0
      objectReference: {fileID: 0}
    - target: {fileID: -8679921383154817045, guid: e126e113f7a16e443a1203df77a0ef7e, type: 3}
      propertyPath: m_LocalEulerAnglesHint.x
      value: 0
      objectReference: {fileID: 0}
    - target: {fileID: -8679921383154817045, guid: e126e113f7a16e443a1203df77a0ef7e, type: 3}
      propertyPath: m_LocalEulerAnglesHint.y
      value: 0
      objectReference: {fileID: 0}
    - target: {fileID: -8679921383154817045, guid: e126e113f7a16e443a1203df77a0ef7e, type: 3}
      propertyPath: m_LocalEulerAnglesHint.z
      value: 0
      objectReference: {fileID: 0}
    - target: {fileID: -8679921383154817045, guid: e126e113f7a16e443a1203df77a0ef7e, type: 3}
      propertyPath: m_LocalScale.x
      value: 0.0131401215
      objectReference: {fileID: 0}
    - target: {fileID: -8679921383154817045, guid: e126e113f7a16e443a1203df77a0ef7e, type: 3}
      propertyPath: m_LocalScale.y
      value: 0.0131401215
      objectReference: {fileID: 0}
    - target: {fileID: -8679921383154817045, guid: e126e113f7a16e443a1203df77a0ef7e, type: 3}
      propertyPath: m_LocalScale.z
      value: 0.0131401215
      objectReference: {fileID: 0}
    - target: {fileID: 919132149155446097, guid: e126e113f7a16e443a1203df77a0ef7e, type: 3}
      propertyPath: m_Name
      value: wrench knife (1)
      objectReference: {fileID: 0}
    m_RemovedComponents: []
  m_SourcePrefab: {fileID: 100100000, guid: e126e113f7a16e443a1203df77a0ef7e, type: 3}
--- !u!4 &8374382516164927917 stripped
Transform:
  m_CorrespondingSourceObject: {fileID: -8679921383154817045, guid: e126e113f7a16e443a1203df77a0ef7e, type: 3}
  m_PrefabInstance: {fileID: 8339947403784078918}
  m_PrefabAsset: {fileID: 0}
--- !u!1001 &9176592948131637228
PrefabInstance:
  m_ObjectHideFlags: 0
  serializedVersion: 2
  m_Modification:
    m_TransformParent: {fileID: 474490692524481241}
    m_Modifications:
    - target: {fileID: -8679921383154817045, guid: e126e113f7a16e443a1203df77a0ef7e, type: 3}
      propertyPath: m_LocalPosition.x
      value: 0.11197281
      objectReference: {fileID: 0}
    - target: {fileID: -8679921383154817045, guid: e126e113f7a16e443a1203df77a0ef7e, type: 3}
      propertyPath: m_LocalPosition.y
      value: -0.030533433
      objectReference: {fileID: 0}
    - target: {fileID: -8679921383154817045, guid: e126e113f7a16e443a1203df77a0ef7e, type: 3}
      propertyPath: m_LocalPosition.z
      value: 0.06152153
      objectReference: {fileID: 0}
    - target: {fileID: -8679921383154817045, guid: e126e113f7a16e443a1203df77a0ef7e, type: 3}
      propertyPath: m_LocalRotation.x
      value: 0.000000044703484
      objectReference: {fileID: 0}
    - target: {fileID: -8679921383154817045, guid: e126e113f7a16e443a1203df77a0ef7e, type: 3}
      propertyPath: m_LocalRotation.y
      value: -0
      objectReference: {fileID: 0}
    - target: {fileID: -8679921383154817045, guid: e126e113f7a16e443a1203df77a0ef7e, type: 3}
      propertyPath: m_LocalRotation.z
      value: -0
      objectReference: {fileID: 0}
    - target: {fileID: -8679921383154817045, guid: e126e113f7a16e443a1203df77a0ef7e, type: 3}
      propertyPath: m_LocalRotation.w
      value: 1
      objectReference: {fileID: 0}
    - target: {fileID: -8679921383154817045, guid: e126e113f7a16e443a1203df77a0ef7e, type: 3}
      propertyPath: m_RootOrder
      value: 3
      objectReference: {fileID: 0}
    - target: {fileID: -8679921383154817045, guid: e126e113f7a16e443a1203df77a0ef7e, type: 3}
      propertyPath: m_LocalEulerAnglesHint.x
      value: 0
      objectReference: {fileID: 0}
    - target: {fileID: -8679921383154817045, guid: e126e113f7a16e443a1203df77a0ef7e, type: 3}
      propertyPath: m_LocalEulerAnglesHint.y
      value: 0
      objectReference: {fileID: 0}
    - target: {fileID: -8679921383154817045, guid: e126e113f7a16e443a1203df77a0ef7e, type: 3}
      propertyPath: m_LocalEulerAnglesHint.z
      value: 0
      objectReference: {fileID: 0}
    - target: {fileID: -8679921383154817045, guid: e126e113f7a16e443a1203df77a0ef7e, type: 3}
      propertyPath: m_LocalScale.x
      value: 0.0043633487
      objectReference: {fileID: 0}
    - target: {fileID: -8679921383154817045, guid: e126e113f7a16e443a1203df77a0ef7e, type: 3}
      propertyPath: m_LocalScale.y
      value: 0.0043633487
      objectReference: {fileID: 0}
    - target: {fileID: -8679921383154817045, guid: e126e113f7a16e443a1203df77a0ef7e, type: 3}
      propertyPath: m_LocalScale.z
      value: 0.0043633487
      objectReference: {fileID: 0}
    - target: {fileID: 919132149155446097, guid: e126e113f7a16e443a1203df77a0ef7e, type: 3}
      propertyPath: m_Name
      value: wrench knife (4)
      objectReference: {fileID: 0}
    m_RemovedComponents: []
  m_SourcePrefab: {fileID: 100100000, guid: e126e113f7a16e443a1203df77a0ef7e, type: 3}
--- !u!4 &8706434273546125319 stripped
Transform:
  m_CorrespondingSourceObject: {fileID: -8679921383154817045, guid: e126e113f7a16e443a1203df77a0ef7e, type: 3}
  m_PrefabInstance: {fileID: 9176592948131637228}
  m_PrefabAsset: {fileID: 0}
