%YAML 1.1
%TAG !u! tag:unity3d.com,2011:
--- !u!1 &1728683806901290613
GameObject:
  m_ObjectHideFlags: 0
  m_CorrespondingSourceObject: {fileID: 0}
  m_PrefabInstance: {fileID: 0}
  m_PrefabAsset: {fileID: 0}
  serializedVersion: 6
  m_Component:
  - component: {fileID: 1728683806901290610}
  m_Layer: 0
  m_Name: palet_box_ver_1 1
  m_TagString: Untagged
  m_Icon: {fileID: 0}
  m_NavMeshLayer: 0
  m_StaticEditorFlags: 0
  m_IsActive: 1
--- !u!4 &1728683806901290610
Transform:
  m_ObjectHideFlags: 0
  m_CorrespondingSourceObject: {fileID: 0}
  m_PrefabInstance: {fileID: 0}
  m_PrefabAsset: {fileID: 0}
  m_GameObject: {fileID: 1728683806901290613}
  m_LocalRotation: {x: 0, y: 0, z: 0, w: 1}
  m_LocalPosition: {x: 2, y: 0.079, z: 3}
  m_LocalScale: {x: 1, y: 1, z: 1}
  m_Children:
  - {fileID: 1242198624761582195}
  - {fileID: 3354767078873189365}
  - {fileID: 3354767077803594122}
  - {fileID: 3354767077989981264}
  - {fileID: 3354767079351161795}
  - {fileID: 3354767079397703265}
  - {fileID: 3354767078529432465}
  - {fileID: 3354767078305021599}
  - {fileID: 3354767079597781684}
  m_Father: {fileID: 0}
  m_RootOrder: 0
  m_LocalEulerAnglesHint: {x: 0, y: 0, z: 0}
--- !u!1 &1906990483714132169
GameObject:
  m_ObjectHideFlags: 0
  m_CorrespondingSourceObject: {fileID: 0}
  m_PrefabInstance: {fileID: 0}
  m_PrefabAsset: {fileID: 0}
  serializedVersion: 6
  m_Component:
  - component: {fileID: 1242198624761582195}
  - component: {fileID: 2779554967364279766}
  - component: {fileID: 105273625388214556}
  - component: {fileID: 5233725620297384893}
  m_Layer: 0
  m_Name: platform_low (2)
  m_TagString: Untagged
  m_Icon: {fileID: 0}
  m_NavMeshLayer: 0
  m_StaticEditorFlags: 0
  m_IsActive: 1
--- !u!4 &1242198624761582195
Transform:
  m_ObjectHideFlags: 0
  m_CorrespondingSourceObject: {fileID: 0}
  m_PrefabInstance: {fileID: 0}
  m_PrefabAsset: {fileID: 0}
  m_GameObject: {fileID: 1906990483714132169}
  m_LocalRotation: {x: -0, y: -0, z: -0, w: 1}
  m_LocalPosition: {x: 0, y: 0.085, z: 0}
  m_LocalScale: {x: 0.572348, y: 0.572348, z: 0.572348}
  m_Children: []
  m_Father: {fileID: 1728683806901290610}
  m_RootOrder: 0
  m_LocalEulerAnglesHint: {x: 0, y: 0, z: 0}
--- !u!33 &2779554967364279766
MeshFilter:
  m_ObjectHideFlags: 0
  m_CorrespondingSourceObject: {fileID: 0}
  m_PrefabInstance: {fileID: 0}
  m_PrefabAsset: {fileID: 0}
  m_GameObject: {fileID: 1906990483714132169}
  m_Mesh: {fileID: 6651996940435722187, guid: 7dfc08ebc10cae64cbf8dac2e34da721, type: 3}
--- !u!23 &105273625388214556
MeshRenderer:
  m_ObjectHideFlags: 0
  m_CorrespondingSourceObject: {fileID: 0}
  m_PrefabInstance: {fileID: 0}
  m_PrefabAsset: {fileID: 0}
  m_GameObject: {fileID: 1906990483714132169}
  m_Enabled: 1
  m_CastShadows: 1
  m_ReceiveShadows: 1
  m_DynamicOccludee: 1
  m_MotionVectors: 1
  m_LightProbeUsage: 1
  m_ReflectionProbeUsage: 1
  m_RayTracingMode: 2
  m_RayTraceProcedural: 0
  m_RenderingLayerMask: 1
  m_RendererPriority: 0
  m_Materials:
  - {fileID: 2100000, guid: 51cb76302bbb27a468fd0b4166902755, type: 2}
  m_StaticBatchInfo:
    firstSubMesh: 0
    subMeshCount: 0
  m_StaticBatchRoot: {fileID: 0}
  m_ProbeAnchor: {fileID: 0}
  m_LightProbeVolumeOverride: {fileID: 0}
  m_ScaleInLightmap: 1
  m_ReceiveGI: 1
  m_PreserveUVs: 0
  m_IgnoreNormalsForChartDetection: 0
  m_ImportantGI: 0
  m_StitchLightmapSeams: 1
  m_SelectedEditorRenderState: 3
  m_MinimumChartSize: 4
  m_AutoUVMaxDistance: 0.5
  m_AutoUVMaxAngle: 89
  m_LightmapParameters: {fileID: 0}
  m_SortingLayerID: 0
  m_SortingLayer: 0
  m_SortingOrder: 0
  m_AdditionalVertexStreams: {fileID: 0}
--- !u!65 &5233725620297384893
BoxCollider:
  m_ObjectHideFlags: 0
  m_CorrespondingSourceObject: {fileID: 0}
  m_PrefabInstance: {fileID: 0}
  m_PrefabAsset: {fileID: 0}
  m_GameObject: {fileID: 1906990483714132169}
  m_Material: {fileID: 0}
  m_IsTrigger: 0
  m_Enabled: 1
  serializedVersion: 2
  m_Size: {x: 1.8699741, y: 0.42042556, z: 1.7195208}
  m_Center: {x: -0.00000014901161, y: -0.000000014901161, z: 0}
--- !u!1001 &1728683805043481977
PrefabInstance:
  m_ObjectHideFlags: 0
  serializedVersion: 2
  m_Modification:
    m_TransformParent: {fileID: 1728683806901290610}
    m_Modifications:
    - target: {fileID: 3618873807152827446, guid: 923165a398114dd4b9d1b1b7c349ebf6, type: 3}
      propertyPath: m_Name
      value: boxFat (13)
      objectReference: {fileID: 0}
    - target: {fileID: 4139654824465471116, guid: 923165a398114dd4b9d1b1b7c349ebf6, type: 3}
      propertyPath: m_LocalPosition.x
      value: 0.50900006
      objectReference: {fileID: 0}
    - target: {fileID: 4139654824465471116, guid: 923165a398114dd4b9d1b1b7c349ebf6, type: 3}
      propertyPath: m_LocalPosition.y
      value: 0.313
      objectReference: {fileID: 0}
    - target: {fileID: 4139654824465471116, guid: 923165a398114dd4b9d1b1b7c349ebf6, type: 3}
      propertyPath: m_LocalPosition.z
      value: -0.339
      objectReference: {fileID: 0}
    - target: {fileID: 4139654824465471116, guid: 923165a398114dd4b9d1b1b7c349ebf6, type: 3}
      propertyPath: m_LocalRotation.x
      value: 0.50000006
      objectReference: {fileID: 0}
    - target: {fileID: 4139654824465471116, guid: 923165a398114dd4b9d1b1b7c349ebf6, type: 3}
      propertyPath: m_LocalRotation.y
      value: -0.49999994
      objectReference: {fileID: 0}
    - target: {fileID: 4139654824465471116, guid: 923165a398114dd4b9d1b1b7c349ebf6, type: 3}
      propertyPath: m_LocalRotation.z
      value: 0.50000006
      objectReference: {fileID: 0}
    - target: {fileID: 4139654824465471116, guid: 923165a398114dd4b9d1b1b7c349ebf6, type: 3}
      propertyPath: m_LocalRotation.w
      value: 0.49999994
      objectReference: {fileID: 0}
    - target: {fileID: 4139654824465471116, guid: 923165a398114dd4b9d1b1b7c349ebf6, type: 3}
      propertyPath: m_RootOrder
      value: 1
      objectReference: {fileID: 0}
    - target: {fileID: 4139654824465471116, guid: 923165a398114dd4b9d1b1b7c349ebf6, type: 3}
      propertyPath: m_LocalEulerAnglesHint.x
      value: 0
      objectReference: {fileID: 0}
    - target: {fileID: 4139654824465471116, guid: 923165a398114dd4b9d1b1b7c349ebf6, type: 3}
      propertyPath: m_LocalEulerAnglesHint.y
      value: 0
      objectReference: {fileID: 0}
    - target: {fileID: 4139654824465471116, guid: 923165a398114dd4b9d1b1b7c349ebf6, type: 3}
      propertyPath: m_LocalEulerAnglesHint.z
      value: 0
      objectReference: {fileID: 0}
    m_RemovedComponents: []
  m_SourcePrefab: {fileID: 100100000, guid: 923165a398114dd4b9d1b1b7c349ebf6, type: 3}
--- !u!4 &3354767078873189365 stripped
Transform:
  m_CorrespondingSourceObject: {fileID: 4139654824465471116, guid: 923165a398114dd4b9d1b1b7c349ebf6, type: 3}
  m_PrefabInstance: {fileID: 1728683805043481977}
  m_PrefabAsset: {fileID: 0}
--- !u!1001 &1728683805773497679
PrefabInstance:
  m_ObjectHideFlags: 0
  serializedVersion: 2
  m_Modification:
    m_TransformParent: {fileID: 1728683806901290610}
    m_Modifications:
    - target: {fileID: 3618873807152827446, guid: 923165a398114dd4b9d1b1b7c349ebf6, type: 3}
      propertyPath: m_Name
      value: boxFat (16)
      objectReference: {fileID: 0}
    - target: {fileID: 4139654824465471116, guid: 923165a398114dd4b9d1b1b7c349ebf6, type: 3}
      propertyPath: m_LocalPosition.x
      value: 0.47963452
      objectReference: {fileID: 0}
    - target: {fileID: 4139654824465471116, guid: 923165a398114dd4b9d1b1b7c349ebf6, type: 3}
      propertyPath: m_LocalPosition.y
      value: 0.603
      objectReference: {fileID: 0}
    - target: {fileID: 4139654824465471116, guid: 923165a398114dd4b9d1b1b7c349ebf6, type: 3}
      propertyPath: m_LocalPosition.z
      value: 0.3915913
      objectReference: {fileID: 0}
    - target: {fileID: 4139654824465471116, guid: 923165a398114dd4b9d1b1b7c349ebf6, type: 3}
      propertyPath: m_LocalRotation.x
      value: 0.0000010281801
      objectReference: {fileID: 0}
    - target: {fileID: 4139654824465471116, guid: 923165a398114dd4b9d1b1b7c349ebf6, type: 3}
      propertyPath: m_LocalRotation.y
      value: -0.7071067
      objectReference: {fileID: 0}
    - target: {fileID: 4139654824465471116, guid: 923165a398114dd4b9d1b1b7c349ebf6, type: 3}
      propertyPath: m_LocalRotation.z
      value: 0.70710695
      objectReference: {fileID: 0}
    - target: {fileID: 4139654824465471116, guid: 923165a398114dd4b9d1b1b7c349ebf6, type: 3}
      propertyPath: m_LocalRotation.w
      value: 0.0000009685755
      objectReference: {fileID: 0}
    - target: {fileID: 4139654824465471116, guid: 923165a398114dd4b9d1b1b7c349ebf6, type: 3}
      propertyPath: m_RootOrder
      value: 4
      objectReference: {fileID: 0}
    - target: {fileID: 4139654824465471116, guid: 923165a398114dd4b9d1b1b7c349ebf6, type: 3}
      propertyPath: m_LocalEulerAnglesHint.x
      value: 90
      objectReference: {fileID: 0}
    - target: {fileID: 4139654824465471116, guid: 923165a398114dd4b9d1b1b7c349ebf6, type: 3}
      propertyPath: m_LocalEulerAnglesHint.y
      value: 0
      objectReference: {fileID: 0}
    - target: {fileID: 4139654824465471116, guid: 923165a398114dd4b9d1b1b7c349ebf6, type: 3}
      propertyPath: m_LocalEulerAnglesHint.z
      value: 180
      objectReference: {fileID: 0}
    m_RemovedComponents: []
  m_SourcePrefab: {fileID: 100100000, guid: 923165a398114dd4b9d1b1b7c349ebf6, type: 3}
--- !u!4 &3354767079351161795 stripped
Transform:
  m_CorrespondingSourceObject: {fileID: 4139654824465471116, guid: 923165a398114dd4b9d1b1b7c349ebf6, type: 3}
  m_PrefabInstance: {fileID: 1728683805773497679}
  m_PrefabAsset: {fileID: 0}
--- !u!1001 &1728683805827639533
PrefabInstance:
  m_ObjectHideFlags: 0
  serializedVersion: 2
  m_Modification:
    m_TransformParent: {fileID: 1728683806901290610}
    m_Modifications:
    - target: {fileID: 3618873807152827446, guid: 923165a398114dd4b9d1b1b7c349ebf6, type: 3}
      propertyPath: m_Name
      value: boxFat (17)
      objectReference: {fileID: 0}
    - target: {fileID: 4139654824465471116, guid: 923165a398114dd4b9d1b1b7c349ebf6, type: 3}
      propertyPath: m_LocalPosition.x
      value: -0.16600001
      objectReference: {fileID: 0}
    - target: {fileID: 4139654824465471116, guid: 923165a398114dd4b9d1b1b7c349ebf6, type: 3}
      propertyPath: m_LocalPosition.y
      value: 0.313
      objectReference: {fileID: 0}
    - target: {fileID: 4139654824465471116, guid: 923165a398114dd4b9d1b1b7c349ebf6, type: 3}
      propertyPath: m_LocalPosition.z
      value: -0.339
      objectReference: {fileID: 0}
    - target: {fileID: 4139654824465471116, guid: 923165a398114dd4b9d1b1b7c349ebf6, type: 3}
      propertyPath: m_LocalRotation.x
      value: 0.50000006
      objectReference: {fileID: 0}
    - target: {fileID: 4139654824465471116, guid: 923165a398114dd4b9d1b1b7c349ebf6, type: 3}
      propertyPath: m_LocalRotation.y
      value: -0.49999994
      objectReference: {fileID: 0}
    - target: {fileID: 4139654824465471116, guid: 923165a398114dd4b9d1b1b7c349ebf6, type: 3}
      propertyPath: m_LocalRotation.z
      value: 0.50000006
      objectReference: {fileID: 0}
    - target: {fileID: 4139654824465471116, guid: 923165a398114dd4b9d1b1b7c349ebf6, type: 3}
      propertyPath: m_LocalRotation.w
      value: 0.49999994
      objectReference: {fileID: 0}
    - target: {fileID: 4139654824465471116, guid: 923165a398114dd4b9d1b1b7c349ebf6, type: 3}
      propertyPath: m_RootOrder
      value: 5
      objectReference: {fileID: 0}
    - target: {fileID: 4139654824465471116, guid: 923165a398114dd4b9d1b1b7c349ebf6, type: 3}
      propertyPath: m_LocalEulerAnglesHint.x
      value: 0
      objectReference: {fileID: 0}
    - target: {fileID: 4139654824465471116, guid: 923165a398114dd4b9d1b1b7c349ebf6, type: 3}
      propertyPath: m_LocalEulerAnglesHint.y
      value: 0
      objectReference: {fileID: 0}
    - target: {fileID: 4139654824465471116, guid: 923165a398114dd4b9d1b1b7c349ebf6, type: 3}
      propertyPath: m_LocalEulerAnglesHint.z
      value: 0
      objectReference: {fileID: 0}
    m_RemovedComponents: []
  m_SourcePrefab: {fileID: 100100000, guid: 923165a398114dd4b9d1b1b7c349ebf6, type: 3}
--- !u!4 &3354767079397703265 stripped
Transform:
  m_CorrespondingSourceObject: {fileID: 4139654824465471116, guid: 923165a398114dd4b9d1b1b7c349ebf6, type: 3}
  m_PrefabInstance: {fileID: 1728683805827639533}
  m_PrefabAsset: {fileID: 0}
--- !u!1001 &1728683806030210104
PrefabInstance:
  m_ObjectHideFlags: 0
  serializedVersion: 2
  m_Modification:
    m_TransformParent: {fileID: 1728683806901290610}
    m_Modifications:
    - target: {fileID: 3618873807152827446, guid: 923165a398114dd4b9d1b1b7c349ebf6, type: 3}
      propertyPath: m_Name
      value: boxFat (19)
      objectReference: {fileID: 0}
    - target: {fileID: 4139654824465471116, guid: 923165a398114dd4b9d1b1b7c349ebf6, type: 3}
      propertyPath: m_LocalPosition.x
      value: -0.16600001
      objectReference: {fileID: 0}
    - target: {fileID: 4139654824465471116, guid: 923165a398114dd4b9d1b1b7c349ebf6, type: 3}
      propertyPath: m_LocalPosition.y
      value: 0.345
      objectReference: {fileID: 0}
    - target: {fileID: 4139654824465471116, guid: 923165a398114dd4b9d1b1b7c349ebf6, type: 3}
      propertyPath: m_LocalPosition.z
      value: 0.2099998
      objectReference: {fileID: 0}
    - target: {fileID: 4139654824465471116, guid: 923165a398114dd4b9d1b1b7c349ebf6, type: 3}
      propertyPath: m_LocalRotation.x
      value: 0.50000006
      objectReference: {fileID: 0}
    - target: {fileID: 4139654824465471116, guid: 923165a398114dd4b9d1b1b7c349ebf6, type: 3}
      propertyPath: m_LocalRotation.y
      value: -0.49999994
      objectReference: {fileID: 0}
    - target: {fileID: 4139654824465471116, guid: 923165a398114dd4b9d1b1b7c349ebf6, type: 3}
      propertyPath: m_LocalRotation.z
      value: 0.50000006
      objectReference: {fileID: 0}
    - target: {fileID: 4139654824465471116, guid: 923165a398114dd4b9d1b1b7c349ebf6, type: 3}
      propertyPath: m_LocalRotation.w
      value: 0.49999994
      objectReference: {fileID: 0}
    - target: {fileID: 4139654824465471116, guid: 923165a398114dd4b9d1b1b7c349ebf6, type: 3}
      propertyPath: m_RootOrder
      value: 8
      objectReference: {fileID: 0}
    - target: {fileID: 4139654824465471116, guid: 923165a398114dd4b9d1b1b7c349ebf6, type: 3}
      propertyPath: m_LocalEulerAnglesHint.x
      value: 0
      objectReference: {fileID: 0}
    - target: {fileID: 4139654824465471116, guid: 923165a398114dd4b9d1b1b7c349ebf6, type: 3}
      propertyPath: m_LocalEulerAnglesHint.y
      value: 0
      objectReference: {fileID: 0}
    - target: {fileID: 4139654824465471116, guid: 923165a398114dd4b9d1b1b7c349ebf6, type: 3}
      propertyPath: m_LocalEulerAnglesHint.z
      value: 0
      objectReference: {fileID: 0}
    m_RemovedComponents: []
  m_SourcePrefab: {fileID: 100100000, guid: 923165a398114dd4b9d1b1b7c349ebf6, type: 3}
--- !u!4 &3354767079597781684 stripped
Transform:
  m_CorrespondingSourceObject: {fileID: 4139654824465471116, guid: 923165a398114dd4b9d1b1b7c349ebf6, type: 3}
  m_PrefabInstance: {fileID: 1728683806030210104}
  m_PrefabAsset: {fileID: 0}
--- !u!1001 &1728683806113105670
PrefabInstance:
  m_ObjectHideFlags: 0
  serializedVersion: 2
  m_Modification:
    m_TransformParent: {fileID: 1728683806901290610}
    m_Modifications:
    - target: {fileID: 3618873807152827446, guid: 923165a398114dd4b9d1b1b7c349ebf6, type: 3}
      propertyPath: m_Name
      value: boxFat (14)
      objectReference: {fileID: 0}
    - target: {fileID: 4139654824465471116, guid: 923165a398114dd4b9d1b1b7c349ebf6, type: 3}
      propertyPath: m_LocalPosition.x
      value: 0.32040787
      objectReference: {fileID: 0}
    - target: {fileID: 4139654824465471116, guid: 923165a398114dd4b9d1b1b7c349ebf6, type: 3}
      propertyPath: m_LocalPosition.y
      value: 0.584
      objectReference: {fileID: 0}
    - target: {fileID: 4139654824465471116, guid: 923165a398114dd4b9d1b1b7c349ebf6, type: 3}
      propertyPath: m_LocalPosition.z
      value: -0.39436555
      objectReference: {fileID: 0}
    - target: {fileID: 4139654824465471116, guid: 923165a398114dd4b9d1b1b7c349ebf6, type: 3}
      propertyPath: m_LocalRotation.x
      value: -0.7071068
      objectReference: {fileID: 0}
    - target: {fileID: 4139654824465471116, guid: 923165a398114dd4b9d1b1b7c349ebf6, type: 3}
      propertyPath: m_LocalRotation.y
      value: -0.0000026375055
      objectReference: {fileID: 0}
    - target: {fileID: 4139654824465471116, guid: 923165a398114dd4b9d1b1b7c349ebf6, type: 3}
      propertyPath: m_LocalRotation.z
      value: 0.0000026598573
      objectReference: {fileID: 0}
    - target: {fileID: 4139654824465471116, guid: 923165a398114dd4b9d1b1b7c349ebf6, type: 3}
      propertyPath: m_LocalRotation.w
      value: -0.7071068
      objectReference: {fileID: 0}
    - target: {fileID: 4139654824465471116, guid: 923165a398114dd4b9d1b1b7c349ebf6, type: 3}
      propertyPath: m_RootOrder
      value: 2
      objectReference: {fileID: 0}
    - target: {fileID: 4139654824465471116, guid: 923165a398114dd4b9d1b1b7c349ebf6, type: 3}
      propertyPath: m_LocalEulerAnglesHint.x
      value: 90
      objectReference: {fileID: 0}
    - target: {fileID: 4139654824465471116, guid: 923165a398114dd4b9d1b1b7c349ebf6, type: 3}
      propertyPath: m_LocalEulerAnglesHint.y
      value: 0
      objectReference: {fileID: 0}
    - target: {fileID: 4139654824465471116, guid: 923165a398114dd4b9d1b1b7c349ebf6, type: 3}
      propertyPath: m_LocalEulerAnglesHint.z
      value: 360
      objectReference: {fileID: 0}
    m_RemovedComponents: []
  m_SourcePrefab: {fileID: 100100000, guid: 923165a398114dd4b9d1b1b7c349ebf6, type: 3}
--- !u!4 &3354767077803594122 stripped
Transform:
  m_CorrespondingSourceObject: {fileID: 4139654824465471116, guid: 923165a398114dd4b9d1b1b7c349ebf6, type: 3}
  m_PrefabInstance: {fileID: 1728683806113105670}
  m_PrefabAsset: {fileID: 0}
--- !u!1001 &1728683806564256476
PrefabInstance:
  m_ObjectHideFlags: 0
  serializedVersion: 2
  m_Modification:
    m_TransformParent: {fileID: 1728683806901290610}
    m_Modifications:
    - target: {fileID: 3618873807152827446, guid: 923165a398114dd4b9d1b1b7c349ebf6, type: 3}
      propertyPath: m_Name
      value: boxFat (15)
      objectReference: {fileID: 0}
    - target: {fileID: 4139654824465471116, guid: 923165a398114dd4b9d1b1b7c349ebf6, type: 3}
      propertyPath: m_LocalPosition.x
      value: 0.50900006
      objectReference: {fileID: 0}
    - target: {fileID: 4139654824465471116, guid: 923165a398114dd4b9d1b1b7c349ebf6, type: 3}
      propertyPath: m_LocalPosition.y
      value: 0.358
      objectReference: {fileID: 0}
    - target: {fileID: 4139654824465471116, guid: 923165a398114dd4b9d1b1b7c349ebf6, type: 3}
      propertyPath: m_LocalPosition.z
      value: 0.2099998
      objectReference: {fileID: 0}
    - target: {fileID: 4139654824465471116, guid: 923165a398114dd4b9d1b1b7c349ebf6, type: 3}
      propertyPath: m_LocalRotation.x
      value: 0.50000006
      objectReference: {fileID: 0}
    - target: {fileID: 4139654824465471116, guid: 923165a398114dd4b9d1b1b7c349ebf6, type: 3}
      propertyPath: m_LocalRotation.y
      value: -0.49999994
      objectReference: {fileID: 0}
    - target: {fileID: 4139654824465471116, guid: 923165a398114dd4b9d1b1b7c349ebf6, type: 3}
      propertyPath: m_LocalRotation.z
      value: 0.50000006
      objectReference: {fileID: 0}
    - target: {fileID: 4139654824465471116, guid: 923165a398114dd4b9d1b1b7c349ebf6, type: 3}
      propertyPath: m_LocalRotation.w
      value: 0.49999994
      objectReference: {fileID: 0}
    - target: {fileID: 4139654824465471116, guid: 923165a398114dd4b9d1b1b7c349ebf6, type: 3}
      propertyPath: m_RootOrder
      value: 3
      objectReference: {fileID: 0}
    - target: {fileID: 4139654824465471116, guid: 923165a398114dd4b9d1b1b7c349ebf6, type: 3}
      propertyPath: m_LocalEulerAnglesHint.x
      value: 0
      objectReference: {fileID: 0}
    - target: {fileID: 4139654824465471116, guid: 923165a398114dd4b9d1b1b7c349ebf6, type: 3}
      propertyPath: m_LocalEulerAnglesHint.y
      value: 0
      objectReference: {fileID: 0}
    - target: {fileID: 4139654824465471116, guid: 923165a398114dd4b9d1b1b7c349ebf6, type: 3}
      propertyPath: m_LocalEulerAnglesHint.z
      value: 0
      objectReference: {fileID: 0}
    m_RemovedComponents: []
  m_SourcePrefab: {fileID: 100100000, guid: 923165a398114dd4b9d1b1b7c349ebf6, type: 3}
--- !u!4 &3354767077989981264 stripped
Transform:
  m_CorrespondingSourceObject: {fileID: 4139654824465471116, guid: 923165a398114dd4b9d1b1b7c349ebf6, type: 3}
  m_PrefabInstance: {fileID: 1728683806564256476}
  m_PrefabAsset: {fileID: 0}
--- !u!1001 &1728683806886766611
PrefabInstance:
  m_ObjectHideFlags: 0
  serializedVersion: 2
  m_Modification:
    m_TransformParent: {fileID: 1728683806901290610}
    m_Modifications:
    - target: {fileID: 3618873807152827446, guid: 923165a398114dd4b9d1b1b7c349ebf6, type: 3}
      propertyPath: m_Name
      value: boxFat (20)
      objectReference: {fileID: 0}
    - target: {fileID: 4139654824465471116, guid: 923165a398114dd4b9d1b1b7c349ebf6, type: 3}
      propertyPath: m_LocalPosition.x
      value: -0.16600001
      objectReference: {fileID: 0}
    - target: {fileID: 4139654824465471116, guid: 923165a398114dd4b9d1b1b7c349ebf6, type: 3}
      propertyPath: m_LocalPosition.y
      value: 0.603
      objectReference: {fileID: 0}
    - target: {fileID: 4139654824465471116, guid: 923165a398114dd4b9d1b1b7c349ebf6, type: 3}
      propertyPath: m_LocalPosition.z
      value: 0.20300007
      objectReference: {fileID: 0}
    - target: {fileID: 4139654824465471116, guid: 923165a398114dd4b9d1b1b7c349ebf6, type: 3}
      propertyPath: m_LocalRotation.x
      value: 0.50000006
      objectReference: {fileID: 0}
    - target: {fileID: 4139654824465471116, guid: 923165a398114dd4b9d1b1b7c349ebf6, type: 3}
      propertyPath: m_LocalRotation.y
      value: -0.49999994
      objectReference: {fileID: 0}
    - target: {fileID: 4139654824465471116, guid: 923165a398114dd4b9d1b1b7c349ebf6, type: 3}
      propertyPath: m_LocalRotation.z
      value: 0.50000006
      objectReference: {fileID: 0}
    - target: {fileID: 4139654824465471116, guid: 923165a398114dd4b9d1b1b7c349ebf6, type: 3}
      propertyPath: m_LocalRotation.w
      value: 0.49999994
      objectReference: {fileID: 0}
    - target: {fileID: 4139654824465471116, guid: 923165a398114dd4b9d1b1b7c349ebf6, type: 3}
      propertyPath: m_RootOrder
      value: 7
      objectReference: {fileID: 0}
    - target: {fileID: 4139654824465471116, guid: 923165a398114dd4b9d1b1b7c349ebf6, type: 3}
      propertyPath: m_LocalEulerAnglesHint.x
      value: 0
      objectReference: {fileID: 0}
    - target: {fileID: 4139654824465471116, guid: 923165a398114dd4b9d1b1b7c349ebf6, type: 3}
      propertyPath: m_LocalEulerAnglesHint.y
      value: 0
      objectReference: {fileID: 0}
    - target: {fileID: 4139654824465471116, guid: 923165a398114dd4b9d1b1b7c349ebf6, type: 3}
      propertyPath: m_LocalEulerAnglesHint.z
      value: 0
      objectReference: {fileID: 0}
    m_RemovedComponents: []
  m_SourcePrefab: {fileID: 100100000, guid: 923165a398114dd4b9d1b1b7c349ebf6, type: 3}
--- !u!4 &3354767078305021599 stripped
Transform:
  m_CorrespondingSourceObject: {fileID: 4139654824465471116, guid: 923165a398114dd4b9d1b1b7c349ebf6, type: 3}
  m_PrefabInstance: {fileID: 1728683806886766611}
  m_PrefabAsset: {fileID: 0}
--- !u!1001 &1728683807098596637
PrefabInstance:
  m_ObjectHideFlags: 0
  serializedVersion: 2
  m_Modification:
    m_TransformParent: {fileID: 1728683806901290610}
    m_Modifications:
    - target: {fileID: 3618873807152827446, guid: 923165a398114dd4b9d1b1b7c349ebf6, type: 3}
      propertyPath: m_Name
      value: boxFat (18)
      objectReference: {fileID: 0}
    - target: {fileID: 4139654824465471116, guid: 923165a398114dd4b9d1b1b7c349ebf6, type: 3}
      propertyPath: m_LocalPosition.x
      value: -0.35459077
      objectReference: {fileID: 0}
    - target: {fileID: 4139654824465471116, guid: 923165a398114dd4b9d1b1b7c349ebf6, type: 3}
      propertyPath: m_LocalPosition.y
      value: 0.584
      objectReference: {fileID: 0}
    - target: {fileID: 4139654824465471116, guid: 923165a398114dd4b9d1b1b7c349ebf6, type: 3}
      propertyPath: m_LocalPosition.z
      value: -0.39436626
      objectReference: {fileID: 0}
    - target: {fileID: 4139654824465471116, guid: 923165a398114dd4b9d1b1b7c349ebf6, type: 3}
      propertyPath: m_LocalRotation.x
      value: 0.70710695
      objectReference: {fileID: 0}
    - target: {fileID: 4139654824465471116, guid: 923165a398114dd4b9d1b1b7c349ebf6, type: 3}
      propertyPath: m_LocalRotation.y
      value: -0.0000009685755
      objectReference: {fileID: 0}
    - target: {fileID: 4139654824465471116, guid: 923165a398114dd4b9d1b1b7c349ebf6, type: 3}
      propertyPath: m_LocalRotation.z
      value: 0.0000010281801
      objectReference: {fileID: 0}
    - target: {fileID: 4139654824465471116, guid: 923165a398114dd4b9d1b1b7c349ebf6, type: 3}
      propertyPath: m_LocalRotation.w
      value: 0.7071067
      objectReference: {fileID: 0}
    - target: {fileID: 4139654824465471116, guid: 923165a398114dd4b9d1b1b7c349ebf6, type: 3}
      propertyPath: m_RootOrder
      value: 6
      objectReference: {fileID: 0}
    - target: {fileID: 4139654824465471116, guid: 923165a398114dd4b9d1b1b7c349ebf6, type: 3}
      propertyPath: m_LocalEulerAnglesHint.x
      value: 90
      objectReference: {fileID: 0}
    - target: {fileID: 4139654824465471116, guid: 923165a398114dd4b9d1b1b7c349ebf6, type: 3}
      propertyPath: m_LocalEulerAnglesHint.y
      value: 0
      objectReference: {fileID: 0}
    - target: {fileID: 4139654824465471116, guid: 923165a398114dd4b9d1b1b7c349ebf6, type: 3}
      propertyPath: m_LocalEulerAnglesHint.z
      value: 0
      objectReference: {fileID: 0}
    m_RemovedComponents: []
  m_SourcePrefab: {fileID: 100100000, guid: 923165a398114dd4b9d1b1b7c349ebf6, type: 3}
--- !u!4 &3354767078529432465 stripped
Transform:
  m_CorrespondingSourceObject: {fileID: 4139654824465471116, guid: 923165a398114dd4b9d1b1b7c349ebf6, type: 3}
  m_PrefabInstance: {fileID: 1728683807098596637}
  m_PrefabAsset: {fileID: 0}
