%YAML 1.1
%TAG !u! tag:unity3d.com,2011:
--- !u!65 &7266423813117071483
BoxCollider:
  m_ObjectHideFlags: 0
  m_CorrespondingSourceObject: {fileID: 0}
  m_PrefabInstance: {fileID: 0}
  m_PrefabAsset: {fileID: 0}
  m_GameObject: {fileID: 1148425770442038982}
  m_Material: {fileID: 0}
  m_IsTrigger: 0
  m_Enabled: 1
  serializedVersion: 2
  m_Size: {x: 1.7609925, y: 0.9188051, z: 0.953316}
  m_Center: {x: -0.000000029802322, y: 0.00000011920929, z: 0.00000032782555}
--- !u!1 &1966329523470412366
GameObject:
  m_ObjectHideFlags: 0
  m_CorrespondingSourceObject: {fileID: 0}
  m_PrefabInstance: {fileID: 0}
  m_PrefabAsset: {fileID: 0}
  serializedVersion: 6
  m_Component:
  - component: {fileID: 4047903314631276036}
  - component: {fileID: 6086830722999251957}
  m_Layer: 0
  m_Name: School_Table_Ver_1
  m_TagString: Untagged
  m_Icon: {fileID: 0}
  m_NavMeshLayer: 0
  m_StaticEditorFlags: 0
  m_IsActive: 1
--- !u!4 &4047903314631276036
Transform:
  m_ObjectHideFlags: 0
  m_CorrespondingSourceObject: {fileID: 0}
  m_PrefabInstance: {fileID: 0}
  m_PrefabAsset: {fileID: 0}
  m_GameObject: {fileID: 1966329523470412366}
  m_LocalRotation: {x: 0, y: 0, z: 0, w: 1}
  m_LocalPosition: {x: -43.794395, y: 0.47551957, z: -18.052616}
  m_LocalScale: {x: 1, y: 1, z: 1}
  m_Children:
  - {fileID: 452913359745827517}
  - {fileID: 6538611954962169646}
  - {fileID: 8557691520549038335}
  - {fileID: 4538715918102315519}
  - {fileID: 5090742604169487153}
  - {fileID: 280688643154444799}
  - {fileID: 341103192163632252}
  - {fileID: 3139932195429473872}
  - {fileID: 7146199189923479747}
  m_Father: {fileID: 0}
  m_RootOrder: 0
  m_LocalEulerAnglesHint: {x: 0, y: 0, z: 0}
--- !u!208 &6086830722999251957
NavMeshObstacle:
  m_ObjectHideFlags: 0
  m_CorrespondingSourceObject: {fileID: 0}
  m_PrefabInstance: {fileID: 0}
  m_PrefabAsset: {fileID: 0}
  m_GameObject: {fileID: 1966329523470412366}
  m_Enabled: 1
  serializedVersion: 3
  m_Shape: 1
  m_Extents: {x: 0.395, y: 0.5, z: 0.5}
  m_MoveThreshold: 0.1
  m_Carve: 0
  m_CarveOnlyStationary: 1
  m_Center: {x: -0.04, y: 0, z: 0}
  m_TimeToStationary: 0.5
--- !u!1001 &788726903855906733
PrefabInstance:
  m_ObjectHideFlags: 0
  serializedVersion: 2
  m_Modification:
    m_TransformParent: {fileID: 4047903314631276036}
    m_Modifications:
    - target: {fileID: 3751178412060425810, guid: 861c137952673684e844b7f9ba4b5d74, type: 3}
      propertyPath: m_LocalPosition.x
      value: -0.11759186
      objectReference: {fileID: 0}
    - target: {fileID: 3751178412060425810, guid: 861c137952673684e844b7f9ba4b5d74, type: 3}
      propertyPath: m_LocalPosition.y
      value: -0.155
      objectReference: {fileID: 0}
    - target: {fileID: 3751178412060425810, guid: 861c137952673684e844b7f9ba4b5d74, type: 3}
      propertyPath: m_LocalPosition.z
      value: 0.015003204
      objectReference: {fileID: 0}
    - target: {fileID: 3751178412060425810, guid: 861c137952673684e844b7f9ba4b5d74, type: 3}
      propertyPath: m_LocalRotation.x
      value: -0.43045798
      objectReference: {fileID: 0}
    - target: {fileID: 3751178412060425810, guid: 861c137952673684e844b7f9ba4b5d74, type: 3}
      propertyPath: m_LocalRotation.y
      value: 0.4304593
      objectReference: {fileID: 0}
    - target: {fileID: 3751178412060425810, guid: 861c137952673684e844b7f9ba4b5d74, type: 3}
      propertyPath: m_LocalRotation.z
      value: -0.5609852
      objectReference: {fileID: 0}
    - target: {fileID: 3751178412060425810, guid: 861c137952673684e844b7f9ba4b5d74, type: 3}
      propertyPath: m_LocalRotation.w
      value: 0.56098694
      objectReference: {fileID: 0}
    - target: {fileID: 3751178412060425810, guid: 861c137952673684e844b7f9ba4b5d74, type: 3}
      propertyPath: m_RootOrder
      value: 3
      objectReference: {fileID: 0}
    - target: {fileID: 3751178412060425810, guid: 861c137952673684e844b7f9ba4b5d74, type: 3}
      propertyPath: m_LocalEulerAnglesHint.x
      value: 0
      objectReference: {fileID: 0}
    - target: {fileID: 3751178412060425810, guid: 861c137952673684e844b7f9ba4b5d74, type: 3}
      propertyPath: m_LocalEulerAnglesHint.y
      value: 75
      objectReference: {fileID: 0}
    - target: {fileID: 3751178412060425810, guid: 861c137952673684e844b7f9ba4b5d74, type: 3}
      propertyPath: m_LocalEulerAnglesHint.z
      value: -90
      objectReference: {fileID: 0}
    - target: {fileID: 3751178412060425810, guid: 861c137952673684e844b7f9ba4b5d74, type: 3}
      propertyPath: m_LocalScale.y
      value: 0.099999994
      objectReference: {fileID: 0}
    - target: {fileID: 3751178412060425810, guid: 861c137952673684e844b7f9ba4b5d74, type: 3}
      propertyPath: m_LocalScale.z
      value: 0.099999994
      objectReference: {fileID: 0}
    - target: {fileID: 4559063704268301544, guid: 861c137952673684e844b7f9ba4b5d74, type: 3}
      propertyPath: m_Name
      value: bookRed (1)
      objectReference: {fileID: 0}
    m_RemovedComponents: []
  m_SourcePrefab: {fileID: 100100000, guid: 861c137952673684e844b7f9ba4b5d74, type: 3}
--- !u!4 &4538715918102315519 stripped
Transform:
  m_CorrespondingSourceObject: {fileID: 3751178412060425810, guid: 861c137952673684e844b7f9ba4b5d74, type: 3}
  m_PrefabInstance: {fileID: 788726903855906733}
  m_PrefabAsset: {fileID: 0}
--- !u!1001 &945198459750867044
PrefabInstance:
  m_ObjectHideFlags: 0
  serializedVersion: 2
  m_Modification:
    m_TransformParent: {fileID: 4047903314631276036}
    m_Modifications:
    - target: {fileID: 410074424347671329, guid: bcb0bad6ee4a5c7408839e341eea2b8b, type: 3}
      propertyPath: m_Name
      value: bookYellow
      objectReference: {fileID: 0}
    - target: {fileID: 1079509486995464603, guid: bcb0bad6ee4a5c7408839e341eea2b8b, type: 3}
      propertyPath: m_LocalPosition.x
      value: -0.113903046
      objectReference: {fileID: 0}
    - target: {fileID: 1079509486995464603, guid: bcb0bad6ee4a5c7408839e341eea2b8b, type: 3}
      propertyPath: m_LocalPosition.y
      value: -0.155
      objectReference: {fileID: 0}
    - target: {fileID: 1079509486995464603, guid: bcb0bad6ee4a5c7408839e341eea2b8b, type: 3}
      propertyPath: m_LocalPosition.z
      value: -0.3290844
      objectReference: {fileID: 0}
    - target: {fileID: 1079509486995464603, guid: bcb0bad6ee4a5c7408839e341eea2b8b, type: 3}
      propertyPath: m_LocalRotation.x
      value: 0.5
      objectReference: {fileID: 0}
    - target: {fileID: 1079509486995464603, guid: bcb0bad6ee4a5c7408839e341eea2b8b, type: 3}
      propertyPath: m_LocalRotation.y
      value: 0.5
      objectReference: {fileID: 0}
    - target: {fileID: 1079509486995464603, guid: bcb0bad6ee4a5c7408839e341eea2b8b, type: 3}
      propertyPath: m_LocalRotation.z
      value: 0.5
      objectReference: {fileID: 0}
    - target: {fileID: 1079509486995464603, guid: bcb0bad6ee4a5c7408839e341eea2b8b, type: 3}
      propertyPath: m_LocalRotation.w
      value: 0.5
      objectReference: {fileID: 0}
    - target: {fileID: 1079509486995464603, guid: bcb0bad6ee4a5c7408839e341eea2b8b, type: 3}
      propertyPath: m_RootOrder
      value: 5
      objectReference: {fileID: 0}
    - target: {fileID: 1079509486995464603, guid: bcb0bad6ee4a5c7408839e341eea2b8b, type: 3}
      propertyPath: m_LocalEulerAnglesHint.x
      value: 0
      objectReference: {fileID: 0}
    - target: {fileID: 1079509486995464603, guid: bcb0bad6ee4a5c7408839e341eea2b8b, type: 3}
      propertyPath: m_LocalEulerAnglesHint.y
      value: 90
      objectReference: {fileID: 0}
    - target: {fileID: 1079509486995464603, guid: bcb0bad6ee4a5c7408839e341eea2b8b, type: 3}
      propertyPath: m_LocalEulerAnglesHint.z
      value: 90
      objectReference: {fileID: 0}
    - target: {fileID: 1079509486995464603, guid: bcb0bad6ee4a5c7408839e341eea2b8b, type: 3}
      propertyPath: m_LocalScale.z
      value: 0.1
      objectReference: {fileID: 0}
    m_RemovedComponents: []
  m_SourcePrefab: {fileID: 100100000, guid: bcb0bad6ee4a5c7408839e341eea2b8b, type: 3}
--- !u!4 &280688643154444799 stripped
Transform:
  m_CorrespondingSourceObject: {fileID: 1079509486995464603, guid: bcb0bad6ee4a5c7408839e341eea2b8b, type: 3}
  m_PrefabInstance: {fileID: 945198459750867044}
  m_PrefabAsset: {fileID: 0}
--- !u!1001 &1079721953358119326
PrefabInstance:
  m_ObjectHideFlags: 0
  serializedVersion: 2
  m_Modification:
    m_TransformParent: {fileID: 4047903314631276036}
    m_Modifications:
    - target: {fileID: 2695605412748124110, guid: 7b3465d08af6092449a585d37fafa112, type: 3}
      propertyPath: m_LocalPosition.x
      value: -0.3734131
      objectReference: {fileID: 0}
    - target: {fileID: 2695605412748124110, guid: 7b3465d08af6092449a585d37fafa112, type: 3}
      propertyPath: m_LocalPosition.y
      value: -0.33326814
      objectReference: {fileID: 0}
    - target: {fileID: 2695605412748124110, guid: 7b3465d08af6092449a585d37fafa112, type: 3}
      propertyPath: m_LocalPosition.z
      value: -0.2373848
      objectReference: {fileID: 0}
    - target: {fileID: 2695605412748124110, guid: 7b3465d08af6092449a585d37fafa112, type: 3}
      propertyPath: m_LocalRotation.x
      value: -0
      objectReference: {fileID: 0}
    - target: {fileID: 2695605412748124110, guid: 7b3465d08af6092449a585d37fafa112, type: 3}
      propertyPath: m_LocalRotation.y
      value: 0.70710576
      objectReference: {fileID: 0}
    - target: {fileID: 2695605412748124110, guid: 7b3465d08af6092449a585d37fafa112, type: 3}
      propertyPath: m_LocalRotation.z
      value: -0
      objectReference: {fileID: 0}
    - target: {fileID: 2695605412748124110, guid: 7b3465d08af6092449a585d37fafa112, type: 3}
      propertyPath: m_LocalRotation.w
      value: 0.7071079
      objectReference: {fileID: 0}
    - target: {fileID: 2695605412748124110, guid: 7b3465d08af6092449a585d37fafa112, type: 3}
      propertyPath: m_RootOrder
      value: 7
      objectReference: {fileID: 0}
    - target: {fileID: 2695605412748124110, guid: 7b3465d08af6092449a585d37fafa112, type: 3}
      propertyPath: m_LocalEulerAnglesHint.x
      value: 0
      objectReference: {fileID: 0}
    - target: {fileID: 2695605412748124110, guid: 7b3465d08af6092449a585d37fafa112, type: 3}
      propertyPath: m_LocalEulerAnglesHint.y
      value: 90
      objectReference: {fileID: 0}
    - target: {fileID: 2695605412748124110, guid: 7b3465d08af6092449a585d37fafa112, type: 3}
      propertyPath: m_LocalEulerAnglesHint.z
      value: 0
      objectReference: {fileID: 0}
    - target: {fileID: 3324613631949702516, guid: 7b3465d08af6092449a585d37fafa112, type: 3}
      propertyPath: m_Name
      value: bigChair Variant
      objectReference: {fileID: 0}
    m_RemovedComponents: []
  m_SourcePrefab: {fileID: 100100000, guid: 7b3465d08af6092449a585d37fafa112, type: 3}
--- !u!4 &3139932195429473872 stripped
Transform:
  m_CorrespondingSourceObject: {fileID: 2695605412748124110, guid: 7b3465d08af6092449a585d37fafa112, type: 3}
  m_PrefabInstance: {fileID: 1079721953358119326}
  m_PrefabAsset: {fileID: 0}
--- !u!1001 &4034804386874098652
PrefabInstance:
  m_ObjectHideFlags: 0
  serializedVersion: 2
  m_Modification:
    m_TransformParent: {fileID: 4047903314631276036}
    m_Modifications:
    - target: {fileID: 4701061120358820643, guid: 7edafef510dd1494891c1e08a000a3dc, type: 3}
      propertyPath: m_LocalPosition.x
      value: -0.06724167
      objectReference: {fileID: 0}
    - target: {fileID: 4701061120358820643, guid: 7edafef510dd1494891c1e08a000a3dc, type: 3}
      propertyPath: m_LocalPosition.y
      value: -0.15522853
      objectReference: {fileID: 0}
    - target: {fileID: 4701061120358820643, guid: 7edafef510dd1494891c1e08a000a3dc, type: 3}
      propertyPath: m_LocalPosition.z
      value: 0.25420952
      objectReference: {fileID: 0}
    - target: {fileID: 4701061120358820643, guid: 7edafef510dd1494891c1e08a000a3dc, type: 3}
      propertyPath: m_LocalRotation.x
      value: 0.5
      objectReference: {fileID: 0}
    - target: {fileID: 4701061120358820643, guid: 7edafef510dd1494891c1e08a000a3dc, type: 3}
      propertyPath: m_LocalRotation.y
      value: 0.5
      objectReference: {fileID: 0}
    - target: {fileID: 4701061120358820643, guid: 7edafef510dd1494891c1e08a000a3dc, type: 3}
      propertyPath: m_LocalRotation.z
      value: 0.5
      objectReference: {fileID: 0}
    - target: {fileID: 4701061120358820643, guid: 7edafef510dd1494891c1e08a000a3dc, type: 3}
      propertyPath: m_LocalRotation.w
      value: 0.5
      objectReference: {fileID: 0}
    - target: {fileID: 4701061120358820643, guid: 7edafef510dd1494891c1e08a000a3dc, type: 3}
      propertyPath: m_RootOrder
      value: 2
      objectReference: {fileID: 0}
    - target: {fileID: 4701061120358820643, guid: 7edafef510dd1494891c1e08a000a3dc, type: 3}
      propertyPath: m_LocalEulerAnglesHint.x
      value: 0
      objectReference: {fileID: 0}
    - target: {fileID: 4701061120358820643, guid: 7edafef510dd1494891c1e08a000a3dc, type: 3}
      propertyPath: m_LocalEulerAnglesHint.y
      value: 90
      objectReference: {fileID: 0}
    - target: {fileID: 4701061120358820643, guid: 7edafef510dd1494891c1e08a000a3dc, type: 3}
      propertyPath: m_LocalEulerAnglesHint.z
      value: 90
      objectReference: {fileID: 0}
    - target: {fileID: 5365571122820772249, guid: 7edafef510dd1494891c1e08a000a3dc, type: 3}
      propertyPath: m_Name
      value: bookWhite
      objectReference: {fileID: 0}
    m_RemovedComponents: []
  m_SourcePrefab: {fileID: 100100000, guid: 7edafef510dd1494891c1e08a000a3dc, type: 3}
--- !u!4 &8557691520549038335 stripped
Transform:
  m_CorrespondingSourceObject: {fileID: 4701061120358820643, guid: 7edafef510dd1494891c1e08a000a3dc, type: 3}
  m_PrefabInstance: {fileID: 4034804386874098652}
  m_PrefabAsset: {fileID: 0}
--- !u!1001 &4651562598446694057
PrefabInstance:
  m_ObjectHideFlags: 0
  serializedVersion: 2
  m_Modification:
    m_TransformParent: {fileID: 4047903314631276036}
    m_Modifications:
    - target: {fileID: 2567559507957431914, guid: d13af28acdd8fc845a96a7559a40a630, type: 3}
      propertyPath: m_LocalPosition.x
      value: -0.32260513
      objectReference: {fileID: 0}
    - target: {fileID: 2567559507957431914, guid: d13af28acdd8fc845a96a7559a40a630, type: 3}
      propertyPath: m_LocalPosition.y
      value: -0.36799997
      objectReference: {fileID: 0}
    - target: {fileID: 2567559507957431914, guid: d13af28acdd8fc845a96a7559a40a630, type: 3}
      propertyPath: m_LocalPosition.z
      value: 0.23461533
      objectReference: {fileID: 0}
    - target: {fileID: 2567559507957431914, guid: d13af28acdd8fc845a96a7559a40a630, type: 3}
      propertyPath: m_LocalRotation.x
      value: -0
      objectReference: {fileID: 0}
    - target: {fileID: 2567559507957431914, guid: d13af28acdd8fc845a96a7559a40a630, type: 3}
      propertyPath: m_LocalRotation.y
      value: 0.70710576
      objectReference: {fileID: 0}
    - target: {fileID: 2567559507957431914, guid: d13af28acdd8fc845a96a7559a40a630, type: 3}
      propertyPath: m_LocalRotation.z
      value: -0
      objectReference: {fileID: 0}
    - target: {fileID: 2567559507957431914, guid: d13af28acdd8fc845a96a7559a40a630, type: 3}
      propertyPath: m_LocalRotation.w
      value: 0.70710784
      objectReference: {fileID: 0}
    - target: {fileID: 2567559507957431914, guid: d13af28acdd8fc845a96a7559a40a630, type: 3}
      propertyPath: m_RootOrder
      value: 8
      objectReference: {fileID: 0}
    - target: {fileID: 2567559507957431914, guid: d13af28acdd8fc845a96a7559a40a630, type: 3}
      propertyPath: m_LocalEulerAnglesHint.x
      value: 0
      objectReference: {fileID: 0}
    - target: {fileID: 2567559507957431914, guid: d13af28acdd8fc845a96a7559a40a630, type: 3}
      propertyPath: m_LocalEulerAnglesHint.y
      value: 90
      objectReference: {fileID: 0}
    - target: {fileID: 2567559507957431914, guid: d13af28acdd8fc845a96a7559a40a630, type: 3}
      propertyPath: m_LocalEulerAnglesHint.z
      value: 0
      objectReference: {fileID: 0}
    - target: {fileID: 2948201239685031120, guid: d13af28acdd8fc845a96a7559a40a630, type: 3}
      propertyPath: m_Name
      value: bigChair (6) Variant
      objectReference: {fileID: 0}
    m_RemovedComponents: []
  m_SourcePrefab: {fileID: 100100000, guid: d13af28acdd8fc845a96a7559a40a630, type: 3}
--- !u!4 &7146199189923479747 stripped
Transform:
  m_CorrespondingSourceObject: {fileID: 2567559507957431914, guid: d13af28acdd8fc845a96a7559a40a630, type: 3}
  m_PrefabInstance: {fileID: 4651562598446694057}
  m_PrefabAsset: {fileID: 0}
--- !u!1001 &6072788291309215413
PrefabInstance:
  m_ObjectHideFlags: 0
  serializedVersion: 2
  m_Modification:
    m_TransformParent: {fileID: 4047903314631276036}
    m_Modifications:
    - target: {fileID: 410074424347671329, guid: bcb0bad6ee4a5c7408839e341eea2b8b, type: 3}
      propertyPath: m_Name
      value: bookYellow (1)
      objectReference: {fileID: 0}
    - target: {fileID: 1079509486995464603, guid: bcb0bad6ee4a5c7408839e341eea2b8b, type: 3}
      propertyPath: m_LocalPosition.x
      value: -0.020259857
      objectReference: {fileID: 0}
    - target: {fileID: 1079509486995464603, guid: bcb0bad6ee4a5c7408839e341eea2b8b, type: 3}
      propertyPath: m_LocalPosition.y
      value: -0.15522853
      objectReference: {fileID: 0}
    - target: {fileID: 1079509486995464603, guid: bcb0bad6ee4a5c7408839e341eea2b8b, type: 3}
      propertyPath: m_LocalPosition.z
      value: 0.12928581
      objectReference: {fileID: 0}
    - target: {fileID: 1079509486995464603, guid: bcb0bad6ee4a5c7408839e341eea2b8b, type: 3}
      propertyPath: m_LocalRotation.x
      value: 0.5
      objectReference: {fileID: 0}
    - target: {fileID: 1079509486995464603, guid: bcb0bad6ee4a5c7408839e341eea2b8b, type: 3}
      propertyPath: m_LocalRotation.y
      value: 0.5
      objectReference: {fileID: 0}
    - target: {fileID: 1079509486995464603, guid: bcb0bad6ee4a5c7408839e341eea2b8b, type: 3}
      propertyPath: m_LocalRotation.z
      value: 0.5
      objectReference: {fileID: 0}
    - target: {fileID: 1079509486995464603, guid: bcb0bad6ee4a5c7408839e341eea2b8b, type: 3}
      propertyPath: m_LocalRotation.w
      value: 0.5
      objectReference: {fileID: 0}
    - target: {fileID: 1079509486995464603, guid: bcb0bad6ee4a5c7408839e341eea2b8b, type: 3}
      propertyPath: m_RootOrder
      value: 1
      objectReference: {fileID: 0}
    - target: {fileID: 1079509486995464603, guid: bcb0bad6ee4a5c7408839e341eea2b8b, type: 3}
      propertyPath: m_LocalEulerAnglesHint.x
      value: 0
      objectReference: {fileID: 0}
    - target: {fileID: 1079509486995464603, guid: bcb0bad6ee4a5c7408839e341eea2b8b, type: 3}
      propertyPath: m_LocalEulerAnglesHint.y
      value: 90
      objectReference: {fileID: 0}
    - target: {fileID: 1079509486995464603, guid: bcb0bad6ee4a5c7408839e341eea2b8b, type: 3}
      propertyPath: m_LocalEulerAnglesHint.z
      value: 90
      objectReference: {fileID: 0}
    m_RemovedComponents: []
  m_SourcePrefab: {fileID: 100100000, guid: bcb0bad6ee4a5c7408839e341eea2b8b, type: 3}
--- !u!4 &6538611954962169646 stripped
Transform:
  m_CorrespondingSourceObject: {fileID: 1079509486995464603, guid: bcb0bad6ee4a5c7408839e341eea2b8b, type: 3}
  m_PrefabInstance: {fileID: 6072788291309215413}
  m_PrefabAsset: {fileID: 0}
--- !u!1001 &6275882857376146928
PrefabInstance:
  m_ObjectHideFlags: 0
  serializedVersion: 2
  m_Modification:
    m_TransformParent: {fileID: 4047903314631276036}
    m_Modifications:
    - target: {fileID: 5859597047991347021, guid: 0acdc43b539eb514bada8e0e87e95f1f, type: 3}
      propertyPath: m_LocalPosition.x
      value: 0.086078644
      objectReference: {fileID: 0}
    - target: {fileID: 5859597047991347021, guid: 0acdc43b539eb514bada8e0e87e95f1f, type: 3}
      propertyPath: m_LocalPosition.y
      value: -0.1552285
      objectReference: {fileID: 0}
    - target: {fileID: 5859597047991347021, guid: 0acdc43b539eb514bada8e0e87e95f1f, type: 3}
      propertyPath: m_LocalPosition.z
      value: 0.333807
      objectReference: {fileID: 0}
    - target: {fileID: 5859597047991347021, guid: 0acdc43b539eb514bada8e0e87e95f1f, type: 3}
      propertyPath: m_LocalRotation.x
      value: 0.6123723
      objectReference: {fileID: 0}
    - target: {fileID: 5859597047991347021, guid: 0acdc43b539eb514bada8e0e87e95f1f, type: 3}
      propertyPath: m_LocalRotation.y
      value: 0.6123723
      objectReference: {fileID: 0}
    - target: {fileID: 5859597047991347021, guid: 0acdc43b539eb514bada8e0e87e95f1f, type: 3}
      propertyPath: m_LocalRotation.z
      value: 0.35355368
      objectReference: {fileID: 0}
    - target: {fileID: 5859597047991347021, guid: 0acdc43b539eb514bada8e0e87e95f1f, type: 3}
      propertyPath: m_LocalRotation.w
      value: 0.35355368
      objectReference: {fileID: 0}
    - target: {fileID: 5859597047991347021, guid: 0acdc43b539eb514bada8e0e87e95f1f, type: 3}
      propertyPath: m_RootOrder
      value: 0
      objectReference: {fileID: 0}
    - target: {fileID: 5859597047991347021, guid: 0acdc43b539eb514bada8e0e87e95f1f, type: 3}
      propertyPath: m_LocalEulerAnglesHint.x
      value: 0
      objectReference: {fileID: 0}
    - target: {fileID: 5859597047991347021, guid: 0acdc43b539eb514bada8e0e87e95f1f, type: 3}
      propertyPath: m_LocalEulerAnglesHint.y
      value: 120
      objectReference: {fileID: 0}
    - target: {fileID: 5859597047991347021, guid: 0acdc43b539eb514bada8e0e87e95f1f, type: 3}
      propertyPath: m_LocalEulerAnglesHint.z
      value: 90
      objectReference: {fileID: 0}
    - target: {fileID: 6492687444092386807, guid: 0acdc43b539eb514bada8e0e87e95f1f, type: 3}
      propertyPath: m_Name
      value: bookBlue
      objectReference: {fileID: 0}
    m_RemovedComponents: []
  m_SourcePrefab: {fileID: 100100000, guid: 0acdc43b539eb514bada8e0e87e95f1f, type: 3}
--- !u!4 &452913359745827517 stripped
Transform:
  m_CorrespondingSourceObject: {fileID: 5859597047991347021, guid: 0acdc43b539eb514bada8e0e87e95f1f, type: 3}
  m_PrefabInstance: {fileID: 6275882857376146928}
  m_PrefabAsset: {fileID: 0}
--- !u!1001 &7552194611746122243
PrefabInstance:
  m_ObjectHideFlags: 0
  serializedVersion: 2
  m_Modification:
    m_TransformParent: {fileID: 4047903314631276036}
    m_Modifications:
    - target: {fileID: 7439612174531900613, guid: 810bdb3a7b3ad84458c0ffd06b96120d, type: 3}
      propertyPath: m_Name
      value: table
      objectReference: {fileID: 0}
    - target: {fileID: 7815187327471677055, guid: 810bdb3a7b3ad84458c0ffd06b96120d, type: 3}
      propertyPath: m_LocalPosition.x
      value: 0.06839371
      objectReference: {fileID: 0}
    - target: {fileID: 7815187327471677055, guid: 810bdb3a7b3ad84458c0ffd06b96120d, type: 3}
      propertyPath: m_LocalPosition.y
      value: -0.34851956
      objectReference: {fileID: 0}
    - target: {fileID: 7815187327471677055, guid: 810bdb3a7b3ad84458c0ffd06b96120d, type: 3}
      propertyPath: m_LocalPosition.z
      value: -0.03604698
      objectReference: {fileID: 0}
    - target: {fileID: 7815187327471677055, guid: 810bdb3a7b3ad84458c0ffd06b96120d, type: 3}
      propertyPath: m_LocalRotation.x
      value: -0
      objectReference: {fileID: 0}
    - target: {fileID: 7815187327471677055, guid: 810bdb3a7b3ad84458c0ffd06b96120d, type: 3}
      propertyPath: m_LocalRotation.y
      value: -0.70710576
      objectReference: {fileID: 0}
    - target: {fileID: 7815187327471677055, guid: 810bdb3a7b3ad84458c0ffd06b96120d, type: 3}
      propertyPath: m_LocalRotation.z
      value: -0
      objectReference: {fileID: 0}
    - target: {fileID: 7815187327471677055, guid: 810bdb3a7b3ad84458c0ffd06b96120d, type: 3}
      propertyPath: m_LocalRotation.w
      value: 0.70710784
      objectReference: {fileID: 0}
    - target: {fileID: 7815187327471677055, guid: 810bdb3a7b3ad84458c0ffd06b96120d, type: 3}
      propertyPath: m_RootOrder
      value: 6
      objectReference: {fileID: 0}
    - target: {fileID: 7815187327471677055, guid: 810bdb3a7b3ad84458c0ffd06b96120d, type: 3}
      propertyPath: m_LocalEulerAnglesHint.x
      value: 0
      objectReference: {fileID: 0}
    - target: {fileID: 7815187327471677055, guid: 810bdb3a7b3ad84458c0ffd06b96120d, type: 3}
      propertyPath: m_LocalEulerAnglesHint.y
      value: -90
      objectReference: {fileID: 0}
    - target: {fileID: 7815187327471677055, guid: 810bdb3a7b3ad84458c0ffd06b96120d, type: 3}
      propertyPath: m_LocalEulerAnglesHint.z
      value: 0
      objectReference: {fileID: 0}
    m_RemovedComponents: []
  m_SourcePrefab: {fileID: 100100000, guid: 810bdb3a7b3ad84458c0ffd06b96120d, type: 3}
--- !u!1 &1148425770442038982 stripped
GameObject:
  m_CorrespondingSourceObject: {fileID: 7439612174531900613, guid: 810bdb3a7b3ad84458c0ffd06b96120d, type: 3}
  m_PrefabInstance: {fileID: 7552194611746122243}
  m_PrefabAsset: {fileID: 0}
--- !u!4 &341103192163632252 stripped
Transform:
  m_CorrespondingSourceObject: {fileID: 7815187327471677055, guid: 810bdb3a7b3ad84458c0ffd06b96120d, type: 3}
  m_PrefabInstance: {fileID: 7552194611746122243}
  m_PrefabAsset: {fileID: 0}
--- !u!1001 &8262750207192702307
PrefabInstance:
  m_ObjectHideFlags: 0
  serializedVersion: 2
  m_Modification:
    m_TransformParent: {fileID: 4047903314631276036}
    m_Modifications:
    - target: {fileID: 3751178412060425810, guid: 861c137952673684e844b7f9ba4b5d74, type: 3}
      propertyPath: m_LocalPosition.x
      value: -0.09508896
      objectReference: {fileID: 0}
    - target: {fileID: 3751178412060425810, guid: 861c137952673684e844b7f9ba4b5d74, type: 3}
      propertyPath: m_LocalPosition.y
      value: -0.1277
      objectReference: {fileID: 0}
    - target: {fileID: 3751178412060425810, guid: 861c137952673684e844b7f9ba4b5d74, type: 3}
      propertyPath: m_LocalPosition.z
      value: -0.36463737
      objectReference: {fileID: 0}
    - target: {fileID: 3751178412060425810, guid: 861c137952673684e844b7f9ba4b5d74, type: 3}
      propertyPath: m_LocalRotation.x
      value: 0.27059853
      objectReference: {fileID: 0}
    - target: {fileID: 3751178412060425810, guid: 861c137952673684e844b7f9ba4b5d74, type: 3}
      propertyPath: m_LocalRotation.y
      value: 0.27059853
      objectReference: {fileID: 0}
    - target: {fileID: 3751178412060425810, guid: 861c137952673684e844b7f9ba4b5d74, type: 3}
      propertyPath: m_LocalRotation.z
      value: 0.65328133
      objectReference: {fileID: 0}
    - target: {fileID: 3751178412060425810, guid: 861c137952673684e844b7f9ba4b5d74, type: 3}
      propertyPath: m_LocalRotation.w
      value: 0.65328133
      objectReference: {fileID: 0}
    - target: {fileID: 3751178412060425810, guid: 861c137952673684e844b7f9ba4b5d74, type: 3}
      propertyPath: m_RootOrder
      value: 4
      objectReference: {fileID: 0}
    - target: {fileID: 3751178412060425810, guid: 861c137952673684e844b7f9ba4b5d74, type: 3}
      propertyPath: m_LocalEulerAnglesHint.x
      value: 0
      objectReference: {fileID: 0}
    - target: {fileID: 3751178412060425810, guid: 861c137952673684e844b7f9ba4b5d74, type: 3}
      propertyPath: m_LocalEulerAnglesHint.y
      value: 45
      objectReference: {fileID: 0}
    - target: {fileID: 3751178412060425810, guid: 861c137952673684e844b7f9ba4b5d74, type: 3}
      propertyPath: m_LocalEulerAnglesHint.z
      value: 90
      objectReference: {fileID: 0}
    - target: {fileID: 3751178412060425810, guid: 861c137952673684e844b7f9ba4b5d74, type: 3}
      propertyPath: m_LocalScale.x
      value: 0.10000001
      objectReference: {fileID: 0}
    - target: {fileID: 4559063704268301544, guid: 861c137952673684e844b7f9ba4b5d74, type: 3}
      propertyPath: m_Name
      value: bookRed
      objectReference: {fileID: 0}
    m_RemovedComponents: []
  m_SourcePrefab: {fileID: 100100000, guid: 861c137952673684e844b7f9ba4b5d74, type: 3}
--- !u!4 &5090742604169487153 stripped
Transform:
  m_CorrespondingSourceObject: {fileID: 3751178412060425810, guid: 861c137952673684e844b7f9ba4b5d74, type: 3}
  m_PrefabInstance: {fileID: 8262750207192702307}
  m_PrefabAsset: {fileID: 0}
